3500 5042
731 364 911 418 24,

1737 685 1845 732 D

803 881 1088 950 Daphnona·
1125 879 1298 952 (126).
1334 877 1644 951 Daphnon,
1673 880 1873 934 locum
1907 839 2094 934 lauris
2122 877 2433 934 consitum.
2461 877 2689 939 Graeca
2712 897 2833 936 vox

735 981 965 1053 δαφνῶν.
991 977 1168 1050 Apud
1191 977 1449 1033 Martial.
1485 992 1526 1032 x
1551 978 1644 1033 79:
1673 996 1708 1032 ‹
1731 974 2029 1050 disposuit
2054 977 2365 1050 daphnona
2390 995 2500 1034 suo
2524 977 2860 1050 Torquatus

735 1095 800 1134 111
835 1095 998 1150 agro.
1025 1095 1060 1130 ι»

808 1204 1136 1260 Debattuere
1159 1200 1292 1274 (69)
1329 1201 1647 1271 Debattu0‚
1683 1200 1840 1255 idem
1876 1200 2034 1273 quod
2079 1201 2279 1273 batno,
2319 1219 2394 1256 ex
2430 1218 2545 1274 quo
2584 1201 2864 1258 debatum

734 1317 842 1375 pro
881 1299 1300 1370 controversia,
1337 1300 1479 1371 gall.
1516 1298 1706 1368 de'bat,
1729 1297 1793 1353 in
1817 1297 2052 1355 infimae
2076 1298 2395 1355 latinitatis
2431 1298 2651 1374 Charta
2686 1291 2863 1356 Alani

739 1397 905 1454 ducis
942 1397 1283 1454 Britanniae
1321 1415 1373 1453 a.
1412 1397 1552 1453 1087
1589 1401 1652 1454 et
1687 1397 1822 1454 aliis
1858 1397 2101 1471 passim.

809 1550 1152 1609 Defunctorio
1189 1549 1345 1624 (136)
1383 1549 1809 1606 Defunctorius
1847 1554 1943 1606 est
1977 1549 2148 1622 leviS‚
2182 1548 2486 1623 remissus,
2514 1568 2589 1606 ex
2613 1568 2729 1624 quo
2765 1551 2911 1608 deff
2948 1520 2957 1548 ⁹

737 1647 1032 1704 functoria
1066 1647 1129 1703 in
1165 1647 1368 1706 Senec.
1404 1653 1668 1705 controv.
1704 1663 1744 1704 v
1777 1647 1874 1703 31:
1916 1667 1946 1701 α
1986 1646 2355 1705 defunctorie
2392 1666 2635 1705 causam
2670 1667 2863 1706 meam

739 1745 1038 1818 egissem?
1061 1765 1098 1800 »

812 1872 1322 1940 nepracsentiarum
1339 1871 1476 1946 (58).
1501 1871 1635 1928 Vox
1658 1869 1893 1948 plebeia
1910 1869 2331 1928 adverbialiter
2355 1876 2567 1928 sumta.
2590 1870 2685 1928 Sic
2704 1872 2861 1945 apud

741 1969 913 2026 Corn.
947 1970 1159 2056 Nepet.
1185 1971 1255 2028 V.
1293 1969 1548 2026 Hannib.
1587 1989 1623 2025 α
1645 1968 2215 2043 impraesentiarum.
2234 1989 2271 2024 ›
2305 1970 2549 2027 Nullum
2588 1969 2707 2027 nisi
2741 1971 2860 2028 Pe-

740 2067 922 2123 tronii
957 2073 1156 2124 exstat
1193 2069 1542 2142 exemplum.

813 2195 1122 2252 Desemnem
1161 2193 1278 2267 (47)
1315 2192 1645 2266 Desomnis,
1682 2192 1842 2249 idem
1878 2211 1948 2249 ac
1984 2192 2287 2250 insomnis.
2340 2193 2437 2250 Sic
2486 2193 2713 2268 depilis,
2758 2195 2864 2252 de-

743 2292 962 2365 plumis
999 2296 1199 2348 exstat
1236 2293 1394 2365 apud
1429 2293 1596 2348 alios.

816 2420 1054 2476 Deurode
1080 2417 1197 2490 (58)
1224 2436 1259 2470 «α
1285 2406 1364 2472 Et
1400 2417 1502 2488 qui
1541 2422 1599 2472 te
1635 2416 1863 2490 primus
1889 2415 2073 2473 deuro
2099 2415 2333 2488 defecit,
2355 2435 2390 2471 »
2406 2415 2470 2472 in
2495 2416 2621 2473 cod.
2642 2421 2863 2489 tragur.

743 2517 834 2572 De
857 2517 988 2572 vivo
1025 2517 1228 2572 deiecit
1250 2515 1430 2572 iussit
1454 2532 1587 2571 esse
1610 2514 1730 2571 Iac.
1758 2514 2111 2587 GronoviuS‚
2137 2517 2210 2572 de
2234 2519 2467 2573 cerebro
2488 2519 2689 2573 deiecit
2718 2516 2865 2572 Goe-

745 2613 888 2684 sins,
925 2615 998 2669 de
1023 2631 1216 2685 puero
1242 2613 1501 2671 Oriolius
1524 2633 1582 2686 p.
1615 2615 1704 2686 33,
1726 2631 1907 2671 nervo
1926 2615 2243 2686 desuefactt
2267 2615 2616 2671 Buecheler.
2640 2618 2732 2684 De
2754 2633 2865 2672 uro

745 2712 974 2782 defecit,
1003 2729 1115 2784 ego
1142 2712 1398 2769 restitui.
1435 2712 1597 2770 Urus
1636 2713 1792 2768 enim
1814 2731 1922 2785 pro
1946 2718 2083 2768 urto
2107 2712 2206 2769 vel
2225 2716 2378 2770 'urvo
2405 2712 2587 2786 (quod
2610 2712 2673 2766 in
2696 2715 2867 2770 Varr.

746 2815 808 2866 et
825 2809 967 2883 Pap.
997 2828 1137 2882 pars
1175 2815 1269 2867 est
1305 2810 1489 2866 aratri
1514 2828 1665 2883 quae
1691 2811 1961 2884 plicatur,
1988 2811 2049 2866 in
2072 2809 2311 2867 infimae
2345 2810 2663 2868 latinitatis
2692 2812 2869 2886 scrip·

744 2907 826 2963 tis
869 2906 1188 2980 invenitur,
1211 2915 1282 2963 ut
1323 2909 1386 2964 in
1411 2893 1568 2982 dip1.‘
1591 2901 1788 2966 Caroli
1825 2897 1901 2963 Os
1924 2927 1976 2965 a.
2012 2908 2121 2964 864
2156 2908 2314 2964 inter
2350 2909 2530 2966 Instr.
2566 2925 2685 2965 x11:
2728 2930 2764 2964 ι
2804 2909 2869 2966 in

745 3005 1024 3064 bernensi
1053 3025 1209 3080 pago
1247 3007 1423 3064 vinea
1463 3026 1598 3078 una,
1635 3025 1781 3062 urus
1820 3012 1882 3063 et
1916 3007 2303 3079 modilogius3
2342 3025 2377 3060 ι»
2418 3006 2669 3062 deficere
2715 3027 2751 3064 a
2796 3011 2869 3065 de

745 3083 1046 3178 privativa
1095 3110 1157 3162 et
1189 3105 1350 3176 facio
1394 3105 1618 3163 rustice
1647 3105 1745 3161 hic
1783 3124 1819 3160 a
1855 3106 2166 3162 colliberto'
2192 3104 2495 3162 adhibitur
2527 3107 2869 3164 removendi

749 3204 1209 3276 significatione3
1233 3205 1347 3260 hoc
1391 3211 1512 3262 est:
1564 3205 1804 3260 Athana
1840 3204 1951 3260 tibi
1984 3205 2140 3260 irata
2176 3203 2275 3276 sit,
2300 3204 2537 3275 curabo,
2574 3209 2636 3260 et
2679 3205 2783 3278 qui
2805 3211 2867 3260 te

745 3304 974 3377 primus
996 3304 1303 3376 (mayister
1325 3304 1490 3378 tuus)
1526 3308 1742 3374 aratro,
1780 3301 1856 3358 ad
1892 3300 2050 3376 quod
2086 3301 2304 3376 quippe
2335 3302 2665 3360 inurbanus
2688 3309 2867 3360 natus
2910 3339 2926 3354 .

697 3460 706 3466 .
749 3419 832 3475 οε,
870 3401 1218 3459 desuefecit.

819 3555 1136 3614 Deversltor
1156 3552 1293 3628 (95).
1317 3554 1616 3611 Deversor
1653 3559 1748 3610 est
1785 3551 1972 3627 quiin
2009 3569 2275 3626 caupona
2317 3529 2682 3610 deversatur.
2724 3553 2869 3610 Nul-

746 3653 884 3740 lum·
907 3653 1024 3710 nisi
1060 3651 1329 3710 Petronii
1366 3657 1567 3710 exstat
1603 3653 1958 3725 exemplum.

819 3806 1126 3876 Dignitosso
1150 3804 1267 3879 (57)
1303 3803 1658 3876 Dignitosus
1707 3809 1802 3859 est
1842 3803 1905 3858 in
1929 3803 2222 3875 dignitate
2267 3800 2649 3870 constitutus»,
2679 3803 2873 3858 multa

750 3904 1054 3977 praeditus
1076 3903 1385 3976 dignitate.
1404 3900 1582 3974 Apud
1604 3900 1899 3957 Aldhelm.
1927 3901 1999 3957 de
2023 3900 2199 3958 laude
2216 3899 2445 3972 Virgin.
2462 3900 2560 3957 28:
2582 3919 2616 3955 «ι
2632 3908 2875 3974 propter

753 4002 1113 4076 dignitosam
1153 3999 1523 4057 innocentiae
1565 3985 1826 4072 palmam
1860 4020 1889 4054 »
1936 4008 1997 4055 et
2032 3999 2189 4072 apud
2225 3999 2375 4056 alios
2408 3997 2648 4056 infimae
2683 3997 2871 4056 latini-

753 4101 898 4158 tatis
937 4099 1276 4174 scriptores.
