3500 5042
727 355 730 364 ·
787 325 852 381 18

708 418 714 422 -
779 456 881 512 lib.
917 473 1158 513 memor.
1187 474 1222 510 ‹
1246 456 1415 528 Sunt,
1441 456 1545 527 qui
1579 453 1780 532 dicant
1804 455 2129 511 Herculem
2147 458 2207 510 et
2242 453 2489 525 Thesea,
2515 450 2673 525 quod
2686 452 2903 509 similia

781 555 948 611 athla
993 560 1134 612 sunt
1169 553 1385 626 ¹adepti.
1422 573 1458 608 >
1505 552 1684 625 Apud
1719 552 1923 608 Manil.
1972 551 2200 625 passim
2236 556 2377 608 sunt
2414 569 2608 624 opera,
2648 551 2763 622 res,
2816 551 2901 606 la-

779 653 979 725 boreS,
1038 658 1100 709 et
1136 651 1494 726 quicumque
1533 668 1710 707 casus
1758 651 1821 706 in
1865 650 1991 709 vita
2009 667 2227 706 umana
2246 649 2590 731 contingere
2614 653 2885 721 possunt.

850 806 1111 874 Αιιοιψθε·
1126 802 1260 876 (4Ο);
1279 801 1402 868 Qui
1425 818 1568 860 aves
1594 805 1855 876 captant.
1880 801 2127 858 Nullum
2140 799 2257 856 nisi
2276 798 2543 856 Petronii
2568 799 2906 872 exemplum

786 906 1003 960 exstat.

857 1011 1165 1111 Auhacutus
1201 1052 1340 1126 (63).
1361 1050 1811 1109 nominativum
1831 1051 1904 1106 ab
1925 1050 2153 1108 audaci.
2178 1050 2357 1123 Apud
2382 1050 2533 1107 ceu.
2570 1068 2611 1106 v
2635 1049 2735 1105 21:
2754 1069 2790 1106 «
2816 1067 2905 1105 re-

783 1151 1109 1224 prehensor
1145 1149 1473 1206 audaculus
1509 1149 1828 1206 verborum
1852 1168 1889 1204 ι»
1926 1153 1987 1204 et
2022 1149 2263 1221 passim.

861 1303 1194 1358 Automatum
1221 1301 1348 1374 (50).
1376 1296 1602 1356 Graeca
1637 1317 1785 1356 vox:
1811 1299 2085 1356 machina
2121 1317 2271 1372 quae
2298 1317 2407 1356 sua
2436 1305 2646 1372 sponte
2682 1299 2909 1356 moveri

773 1397 1052 1456 ‘videturz
1092 1396 1251 1470 apud
1275 1397 1435 1452 Suet.
1474 1396 1679 1453 Claud.
1707 1411 1922 1452 xxmv:
1959 1417 1994 1450 ‹<
2020 1401 2395 1452 automatum
2418 1397 2517 1452 vel
2552 1413 2784 1469 pegma,
2811 1397 2907 1454 vel

790 1495 931 1569 quid
956 1497 1077 1552 tale
1099 1495 1262 1550 aliud
1286 1515 1337 1549 ι».
1357 1493 1680 1560 Quaedam
1717 1494 2007 1550 editiones
2044 1495 2268 1550 habent
2304 1512 2516 1566 graece
2542 1499 2906 1550 automaton.

784 1593 962 1648 Itain
999 1594 1161 1649 satir.
1190 1612 1313 1666 cap.
1338 1593 1469 1649 140:
1497 1613 1532 1648 <x
1557 1593 1781 1648 sororis
1820 1611 1964 1648 suae
2003 1597 2321 1665 automata,
2345 1611 2379 1646 ›
2414 1593 2528 1648 hoc
2565 1597 2659 1648 est
2706 1597 2906 1648 motus

786 1691 1025 1765 sororis,
1049 1709 1200 1765 quae
1235 1709 1344 1764 per
1381 1709 1446 1746 se
1482 1690 1799 1747 videbatur
1836 1691 2076 1746 saltare.

854 1791 966 1845 Est
1017 1789 1198 1844 etiam
1233 1787 1596 1845 adiectivum
1629 1806 1736 1860 pro
1777 1794 2128 1860 spontaneo:
2167 1788 2325 1860 apud
2351 1789 2513 1844 Serv.
2558 1789 2634 1844 ad
2670 1805 2693 1843 1
2742 1790 2894 1872 Aen.

787 1887 915 1943 724:
957 1907 992 1942 «
1017 1893 1322 1942 automata
1358 1885 1560 1942 Venus
1587 1905 1638 1940 ».
1676 1867 1774 1942 Ita
1807 1886 1870 1942 in
1906 1887 2071 1942 satir.
2111 1905 2236 1960 cap.
2264 1885 2362 1942 50:
2400 1906 2435 1942 ‹
2458 1887 2736 1959 plausum
2770 1892 2910 1960 post

783 1987 898 2042 hoc
924 1991 1294 2042 automatum
1320 1982 1554 2041 ‘familia
1580 1984 1744 2039 dedit
1767 2004 1821 2041 2».
2699 1983 2703 1987 ⁴

1803 2380 1906 2424 B

867 2573 1186 2630 Babaecalis
1229 2570 1366 2644 (37).
1389 2568 1724 2626 Gronovius
1747 2569 1811 2625 in
1849 2587 1938 2642 ep.
1960 2569 2036 2624 ad
2070 2569 2277 2625 Heius,
2299 2573 2503 2624 censet
2526 2569 2681 2624 hanc
2704 2585 2913 2623 vocem

791 2686 865 2724 ex
900 2667 1162 2724 Arnobio
1198 2667 1567 2723 Salmasiano
1593 2683 1656 2724 lv
1689 2668 1968 2722 haustam
2006 2684 2165 2736 esse3
2205 2665 2343 2739 quia
2379 2686 2415 2722 ς
2438 2665 2751 2722 babaeculi
2774 2663 2911 2721 ado·

788 2766 1084 2822 lescentes
1110 2784 1146 2819 >
1180 2784 1287 2838 pro
1322 2765 1658 2822 libidinosis
1695 2765 1781 2820 ibi
1817 2749 2313 2850 memorabantur.

867 2921 1192 2977 Bacalusias
1231 2919 1366 2992 (41).
1396 2920 1722 2977 Bacalusz‘a
1758 2918 1821 2972 id
1856 2923 1951 2974 est
1972 2919 2176 2990 inepta
2197 2915 2600 2975 ratiocinatio:
2627 2935 2777 2990 quae
2796 2935 2913 2974 vox

791 3016 932 3088 quid
983 3017 1064 3071 sit
1111 3016 1352 3088 ignoro;
1398 3017 1561 3072 haud
1607 3016 1787 3072 dubio
1840 3015 2099 3088 duplexz.
2122 3035 2159 3070 a
2196 3018 2379 3072 bacca
2416 3022 2477 3072 et
2515 3019 2651 3072 lusu
2688 3015 2918 3071 caricas*

787 3114 1294 3186 interpretabatur
1343 3115 1618 3185 OrioliuS‚
1656 3133 1714 3187 p.
1760 3115 1843 3169 13.
1880 3115 2247 3170 Buechelero
2297 3111 2651 3186 persuasum
2701 3112 2819 3168 fuit
2854 3112 2917 3167 in

793 3217 992 3267 mente
1026 3212 1310 3268 habuisse
1346 3213 1696 3268 Petronium
1739 3213 2070 3268 baucalesis
2134 3191 2196 3266 ax
2226 3211 2645 3286 βαυκαλὴματα,
2700 3227 2920 3282 graeca

791 3327 938 3366 voce
976 3327 1094 3382 qua
1129 3310 1378 3365 naeniae
1414 3310 1716 3365 nutricum
1752 3315 2062 3367 vocantur.
2096 3310 2378 3365 Fortasse
2424 3327 2479 3368 a.
2506 3310 2739 3377 bacare,
2794 3307 2919 3365 vini

795 3407 1018 3480 scypho
1059 3407 1217 3479 apud
1252 3409 1518 3480 Festum,
1555 3413 1616 3463 et
1654 3409 1821 3464 lusu:
1861 3407 2085 3470 ebriam
2109 3406 2452 3480 significans
2480 3405 2917 3478 cogitationem.

867 3560 1227 3616 Baccibassum
1269 3558 1408 3632 (61).
1444 3559 1592 3615 Cum
1637 3557 2005 3614 Buechelero
2055 3557 2261 3630 opinor
2304 3558 2459 3613 hanc
2508 3573 2713 3615 vocem
2755 3554 2918 3610 haud

795 3654 973 3711 dubie
1009 3663 1171 3712 recte
1207 3657 1492 3712 traditam
1529 3674 1661 3713 esse
1687 3657 1763 3712 ad
1787 3658 2022 3730 plenam
2058 3655 2492 3729 rotundamque
2527 3653 2779 3712 formam
2822 3651 2921 3708 de-

796 3752 1178 3826 signandam3
1219 3774 1254 3810 a
1291 3757 1484 3812 baccis
1521 3754 1753 3811 derivat
1788 3755 1955 3810 illam
1992 3742 2269 3811 OrioliuS.
2312 3754 2553 3818 Tamen,
2572 3751 2841 3824 suspicor
2888 3765 2921 3804 e

797 3852 996 3923 bacca,
1032 3852 1126 3909 uti
1163 3871 1300 3908 caro
1334 3853 1596 3910 fortasse
1631 3851 1855 3909 rustice
1890 3851 2236 3925 vocabatur,
2262 3857 2323 3908 et
2359 3853 2529 3922 banc,
2558 3847 2716 3922 quod
2738 3847 2923 3921 pilam

792 3949 1028 4021 plebeio
1050 3968 1320 4008 sermone
1343 3950 1733 4024 significabat,
1757 3956 1963 4007 ortam.
1990 3949 2107 4007 Cfr.
2130 3950 2299 4007 sicul.
2325 3951 2662 4020 ὂαοοήἱανα,
2690 3945 2924 4019 subpin-

800 4046 938 4119 guis
962 4053 1026 4104 vet
1049 4049 1252 4116 παλλα,
1288 4051 1414 4106 ital.
1454 4052 1636 4106 balla.
2024 4052 2027 4058 ⁸
