3500 5042
2622 369 2629 377 .
2681 320 2753 378 55

639 461 776 528 ital.
827 460 1005 542 latte,
1037 458 1188 545 gall.
1237 457 1384 539 laic,
1433 456 1602 543 hisp.
1637 456 1845 540 leche;
1890 456 2028 521 ital.
2062 453 2413 535 eccellente,
2444 453 2599 539 gall.
2641 477 2755 522 ecc-

638 575 886 661 callent,
931 575 1100 662 hisp.
1171 572 1483 639 excelente
1497 594 1525 657 7·
1596 571 1732 638 ital.
1806 592 2072 658 seuque.
2120 571 2234 638 Sic
2285 571 2489 636 etiam
2540 570 2757 637 convi-

639 714 800 758 vare
844 691 1007 757 soles
1040 691 1181 757 ital.
1215 689 1388 758 suoli
1430 689 1785 770 convitare,
1830 689 1998 776 hisp.
2049 687 2207 754 soles
2248 686 2602 772 convicini-5
2645 685 2759 752 do·

640 818 845 889 mata,
893 809 1031 873 ital.
1081 807 1367 890 domata,
1415 805 1579 892 hisp.
1622 804 1906 871 olo-mado
1942 814 2225 871 exstant.
2258 805 2360 870 Ac
2390 805 2622 878 eadem
2656 827 2759 870 ra·

640 923 820 988 tione
853 924 922 987 in
947 924 1169 987 satiris
1201 945 1324 988 sua
1371 922 1753 1008 octinqenda
1789 921 2097 1009 possidet,
2146 923 2507 987 sestertium
2566 943 2761 988 suum

640 1038 806 1104 vidit
851 1038 1097 1104 dicitur
1143 1060 1275 1126 qua
1321 1062 1361 1104 a
1416 1038 1628 1104 Gallis
1680 1037 2019 1104 hodiernis
2064 1038 2529 1124 possessivum,
2576 1037 2759 1104 velut

641 1153 1080 1244 pleonasmuS,
1112 1154 1489 1220 adhibetur.
2117 1157 2129 1168 ⁶

727 1272 885 1338 Post
915 1280 1012 1336 tot
1055 1271 1520 1357 praefationes,
1566 1269 1877 1337 lectiones
1930 1277 1999 1335 et
2050 1270 2561 1355 dissertationes,
2605 1271 2755 1357 qui-

639 1386 762 1453 bus
785 1389 915 1452 viri
941 1387 1184 1452 eruditi
1209 1388 1592 1454 Petronium
1615 1373 1888 1474 eiusque
1918 1387 2155 1452 satiras
2188 1396 2503 1455 excutere
2534 1387 2759 1453 eonati

640 1513 813 1587 sunt,
860 1524 1143 1569 vacuum
1197 1515 1263 1570 et
1293 1505 1412 1570 vix
1459 1507 1757 1591 ineptum
1800 1502 2016 1571 videri
2063 1506 2381 1590 potuisset
2412 1512 2499 1589 te,
2548 1502 2756 1569 amice

639 1620 862 1705 lector,
894 1621 1017 1687 hac
1061 1644 1234 1687 nova
1280 1622 1744 1686 dissertatione
1798 1621 2060 1686 morari.
2117 1620 2465 1704 Quaedam
2535 1628 2757 1688 autem

638 1736 1123 1824 praemonenda
1170 1737 1358 1820 duxi,
1413 1735 1655 1824 quibus
1710 1745 1777 1802 et
1822 1759 2033 1802 meam
2081 1735 2161 1802 de
2220 1737 2575 1803 satirarum
2620 1758 2755 1802 ser-

640 1878 828 1921 mone
873 1845 1266 1920 sententiam
1315 1864 1382 1920 et
1423 1856 1741 1919 rationem
1778 1875 1974 1941 quam
2009 1855 2075 1918 in
2109 1875 2251 1920 meo
2282 1853 2503 1922 indice
2534 1851 2758 1936 habui,

640 1973 984 2056 aperirem.
1025 1971 1404 2056 Issodiernae
1459 1969 1710 2035 auxilio
1756 1969 2148 2056 philologiae
2188 1993 2321 2035 non
2369 1968 2551 2036 nulla
2589 1990 2757 2057 quae

641 2086 845 2152 dubia
874 2087 984 2151 vel
1015 2086 1289 2153 obscura
1322 2084 1742 2170 videbantur,
1776 2108 1895 2171 ego
1943 2085 2307 2170 illustravi}
2355 2085 2493 2175 alii,
2526 2071 2777 2150 eadem‘

641 2201 967 2286 methodo,
999 2203 1251 2268 maiora
1283 2203 1610 2286 detegent.

988 2397 1327 2454 Scribebam
1364 2397 1589 2454 Romae
1626 2414 1831 2453 mense
1866 2395 2025 2452 Iunii
2059 2393 2696 2454 MDGOOLXXXVH:
