3500 5042
1650 356 1677 376 d

803 432 870 488 12

795 567 1231 654 scriptiusque
1299 553 1562 650 fuisset,
1609 587 1732 630 nec
1790 563 2015 629 alteris
2076 565 2357 650 ineptus,
2426 563 2773 631 mendosus
2846 575 2913 630 et

792 705 961 770 pene
1017 670 1339 750 barbarus
1385 688 1612 748 auctor
1663 679 2019 746 videbatur
2086 681 2455 765 Petronius,
2515 703 2637 747 nec
2682 681 2911 748 alteris

793 809 981 886 pater
1026 799 1520 884 elegant-iarum,
1551 798 1739 862 cuius
1772 820 1812 862 a
1842 798 2065 885 satiris
2097 795 2235 862 sola
2266 799 2321 862 si
2362 796 2618 863 abesset
2648 797 2907 865 obscoe-

793 918 986 1000 nitas,
1035 937 1224 980 nemo
1257 913 1516 979 felicius
1560 933 1825 978 manum
1858 913 1943 978 ad
1988 906 2407 979 scribendum
2455 913 2833 1002 adpulisset.

881 1029 1210 1096 Mirabilis
1257 1039 1476 1094 autem
1523 1039 1589 1094 et
1635 1029 1776 1094 fere
1823 1028 2088 1093 divinus
2133 1050 2263 1094 non
2310 1050 2520 1094 sermo
2563 1031 2633 1095 in
2666 1032 2908 1118 satiris,

793 1149 906 1235 qui
951 1146 1128 1212 haud
1175 1145 1379 1234 dubio¹
1421 1154 1789 1232 corruptae,
1821 1145 1936 1209 sed
1982 1130 2142 1209 mihi
2207 1143 2396 1210 stilus
2439 1145 2738 1229 videtur3
2784 1147 2907 1214 hoc

793 1276 913 1348 est,
959 1271 1034 1328 ut
1067 1264 1162 1328 ita
1207 1263 1442 1348 dicam,
1489 1259 1856 1327 deliberata
1900 1269 1967 1325 et
2010 1261 2306 1346 perfecta
2350 1262 2699 1328 concordia
2735 1263 2909 1328 inter

793 1376 1054 1444 dicendi
1100 1398 1326 1462 genus,
1357 1371 1550 1442 modo
1595 1375 1863 1460 humile,
1894 1376 2085 1443 modo
2117 1375 2383 1461 elatum,
2417 1387 2481 1443 et
2511 1379 2909 1444 narrationis

791 1517 1120 1581 personas,
1166 1495 1358 1560 modo
1405 1493 1712 1577 abiectas,
1747 1493 1939 1578 modo
1972 1503 2341 1560 exornatas.
2378 1494 2606 1560 Sermo
2639 1493 2907 1581 quidem

793 1613 863 1676 in
894 1633 1004 1677 ore
1051 1609 1534 1676 collibertorum
1581 1608 1933 1696 plebeium,
1965 1631 2303 1676 servorum
2338 1611 2679 1695 rusticum,
2712 1609 2905 1677 illite-

789 1736 1081 1792 ratorum
1127 1726 1547 1812 maculosum,
1580 1726 2126 1816 graecissantium
2158 1747 2466 1810 graecum
2498 1737 2617 1811 est,
2649 1735 2725 1793 ut
2756 1749 2905 1792 con·

741 1926 744 1934 .
791 1845 1004 1928 venit3
1049 1841 1448 1930 praebetque
1491 1841 1761 1929 plenum
1791 1851 1857 1907 et
1887 1842 2253 1928 perfeetum
2298 1842 2473 1909 illius
2504 1841 2749 1908 latinae
2780 1842 2905 1909 lin-

790 1980 958 2044 guae
983 1957 1278 2044 vulgaris
1292 1957 1660 2055 exemplar,
1675 1981 1716 2024 a
1732 1979 1860 2044 quo
1887 1967 2033 2042 post
2048 1957 2321 2044 Imperii
2346 1958 2599 2024 romani
2624 1959 2905 2044 ruinam,

792 2097 1000 2140 novae
1030 2074 1294 2140 dialecti
1343 2075 1593 2140 duxere
1645 2075 1986 2158 originem,
2028 2095 2196 2161 quae
2226 2073 2421 2140 hodie
2452 2097 2761 2140 romanae
2800 2074 2907 2141 vel
2976 2147 2980 2150 ,

792 2189 1156 2256 neolatinae
1202 2199 1542 2256 vocantur.

883 2306 960 2373 In
1007 2305 1130 2371 hoc
1161 2307 1441 2389 novitas,
1487 2327 1939 2394 quaecumque
1968 2307 2074 2390 sit,
2116 2307 2245 2371 mei
2292 2305 2538 2373 laboris
2584 2309 2902 2374 consistit.

793 2423 1026 2506 Qualis
1070 2421 1437 2509 speculator
1490 2423 1560 2487 in
1605 2422 1782 2488 filiae
1826 2421 2016 2488 vultu
2076 2423 2373 2488 curiosus
2428 2424 2657 2489 matris
2702 2422 2903 2490 linea-

793 2548 1016 2605 menta
1059 2539 1221 2604 adeo
1269 2546 1620 2620 scrutatur,
1651 2549 1728 2604 ut
1760 2537 1875 2603 illa
1903 2519 2069 2622 uisa,
2101 2537 2269 2603 hanc
2315 2537 2509 2604 facile
2542 2541 2906 2624 agnoverit,
2952 2560 2955 2561 ’

793 2654 942 2720 talis
967 2664 1033 2720 et
1055 2677 1196 2739 ego,
1220 2654 1558 2721 vocabulis
1581 2675 1749 2742 quae
1775 2655 1844 2719 in
1869 2654 2090 2720 satiris
2124 2664 2387 2720 exstant
2422 2654 2907 2732 obscurioribus

791 2793 942 2838 cum
987 2769 1532 2858 subsequentibus
1584 2771 1720 2836 suis
1774 2791 2097 2836 novarum
2158 2770 2585 2837 dialectarum
2646 2793 2905 2858 compa-

793 2889 976 2970 ratis,
1036 2887 1269 2952 horum
1331 2886 1579 2954 auxilio
1641 2888 1712 2951 in
1773 2889 2121 2972 pristinam
2181 2885 2731 2971 significationem
2792 2887 2907 2953 illa

793 3005 1138 3070 restituere
1185 3002 1428 3069 studui.
1473 3003 1622 3070 Non
1667 3025 1921 3090 semper
1980 3023 2105 3068 acu
2165 3025 2304 3068 rem
2362 3002 2657 3087 tetigisse
2716 3002 2903 3089 polli-

789 3142 970 3204 ceor3
1002 3120 1130 3184 nisi
1192 3127 1372 3185 tutus
1424 3119 1711 3202 effeetus,
1758 3127 1977 3185 tamen
2009 3119 2352 3212 methodus
2386 3117 2549 3185 mihi
2580 3119 2906 3186 excellens

792 3234 1087 3302 videtur:
1135 3235 1369 3301 melius
1399 3235 1606 3301 faciat
1652 3237 1772 3321 qui
1815 3243 2048 3321 potest.

881 3355 1099 3438 Quam
1121 3352 1522 3436 methodum,
1539 3353 1799 3419 etiamsi
1823 3373 1984 3439 opus
2005 3355 2276 3420 minime
2299 3351 2645 3419 eonsilium
2666 3374 2904 3441 aequa·

789 3469 1326 3554 verit,·Nicolaus
1372 3470 1670 3554 Ignarra,
1700 3469 1810 3535 vir
1856 3468 2083 3536 doetus
2114 3479 2181 3536 et
2215 3470 2630 3557 antiquitatis
2661 3469 2907 3536 latinae

793 3585 988 3653 valde
1002 3587 1273 3673 peritus,
1299 3587 1371 3652 in
1393 3585 1851 3652 dissertatione
1876 3584 2138 3652 erudita
2160 3586 2241 3652 de
2264 3585 2595 3672 palaestra
2617 3585 2904 3671 neapoli-

794 3713 950 3768 tana
971 3711 1280 3788 expertus
1311 3710 1445 3786 est3
1477 3703 1593 3789 qui
1625 3725 1710 3767 ex
1740 3702 2095 3768 idiotismis
2125 3702 2565 3789 neapolitanis
2590 3723 2763 3785 eum,
2788 3703 2905 3789 qui

793 3817 1030 3886 satiras
1062 3820 1349 3905 scripsit,
1380 3817 1571 3905 prodi
1602 3819 2095 3907 neapolitanum
2130 3801 2546 3898 deliberavit.
2571 3819 2717 3884 Iam
2746 3839 2906 3884 vero

792 3935 969 4020 apud
1013 3943 1272 4001 veteres
1318 3935 1600 4001 comicos
1632 3946 1989 4002 occurrunt
2018 3934 2285 4024 quidem
2316 3931 2668 4001 illiberalia
2724 3932 2906 4000 dicta

793 4059 860 4116 et
905 4049 1224 4118 obscoena
1251 4052 1585 4135 convicia3
1631 4051 1746 4118 sed
1791 4051 2181 4138 petroniana
2211 4051 2305 4116 sic
2336 4049 2420 4116 ad
2450 4051 2907 4136 neapolitanae

791 4167 1170 4254 plebeculae
1212 4177 1480 4256 gustum
1511 4168 1871 4258 composita
1916 4167 2013 4234 illi
2060 4167 2393 4252 videntur,
2426 4175 2502 4234 ut
2546 4167 2787 4234 mirum
2832 4165 2903 4234 ni

3442 2879 3485 2920 ζ
