3500 5042
1584 1127 1701 1174 A

653 1327 981 1384 Absentivos
1016 1322 1155 1399 (33).
1197 1321 1590 1382 Absentivusz
1629 1321 1858 1378 diutins
1899 1321 2113 1378 absens
2152 1321 2417 1396 (Gnoss.)
2462 1319 2709 1377 Nullum

585 1423 704 1480 nisi
723 1423 990 1480 Petronii
1025 1428 1227 1480 exstat
1262 1406 1616 1495 exemplum.
1655 1419 1751 1476 Sic
1796 1418 1978 1476 etiam
2022 1438 2060 1474 ς
2076 1417 2388 1478 vacativus
2408 1439 2443 1475 »
2482 1418 2548 1475 in
2584 1416 2713 1476 vita

586 1521 742 1578 Alex
776 1521 975 1579 Sever.
1011 1521 1169 1595 apud
1206 1521 1584 1595 spartianum
1619 1535 1739 1591 XIV,
1776 1522 2054 1576 monente
2100 1517 2406 1587 SalmasiO,
2454 1521 2517 1573 et
2561 1535 2599 1571 ς
2628 1514 2712 1572 ia-

588 1619 858 1676 oentivae
893 1620 1135 1678 arbores
1170 1640 1208 1676 ›
1240 1620 1304 1676 in
1339 1620 1576 1692 legibus
1611 1616 2160 1692 Longobardorum.

659 1774 926 1832 Abstinax
963 1774 1100 1848 (42³.
1135 1773 1207 1830 Id
1243 1780 1338 1832 est
1373 1773 1698 1830 abstinens,
1734 1773 1869 1830 Vox
1904 1791 1941 1829 a
1974 1770 2286 1845 plebecula
2322 1787 2430 1844 pro
2466 1767 2712 1827 arbitrio

587 1869 868 1929 formata:
907 1874 993 1930 sio
1031 1880 1125 1932 est
1158 1894 1196 1930 ς
1221 1892 1406 1931 eurax
1427 1893 1465 1929 ›
1499 1893 1536 1929 a
1573 1872 1831 1930 curando
1870 1871 2028 1945 apud
2064 1869 2303 1941 Gaium3-
2338 1870 2425 1926 sio
2450 1873 2546 1926 est
2566 1888 2604 1924 ς
2626 1866 2716 1924 vi.-

591 1969 756 2043 gilax
779 1993 811 2028 ι»
850 1992 887 2029 a
903 1972 1208 2046 vigilando
1229 1971 1387 2046 apud
1405 1971 1799 2045 Propertium.
1820 1970 2067 2028 Nullum
2090 1969 2210 2026 nisi
2225 1967 2491 2036 Petronii
2516 1971 2718 2024 exstat

599 2072 953 2143 exemplum.

661 2224 1011 2292 Adoounosco
1049 2222 1182 2298 (69).
1217 2223 1412 2280 Probe
1438 2240 1758 2296 cognosco:
1800 2221 2078 2295 qnoniam
2102 2222 2187 2279 ad
2206 2218 2570 2295 praepositio
2592 2217 2717 2276 vim

592 2321 776 2379 verbo
795 2321 976 2378 addit.
995 2323 1196 2378 Etiam
1211 2321 1435 2395 legitur
1454 2321 1611 2396 apud
1630 2321 1973 2378 Tertullian.
1996 2320 2129 2378 adv.
2146 2319 2506 2376 Marcionem
2524 2334 2587 2375 1v
2611 2319 2714 2400 20:

593 2439 629 2476 α
653 2437 831 2493 quem
867 2419 1349 2492 adcognoverunt
1373 2420 1690 2478 daemones
1714 2440 1752 2476 ›
1796 2426 1857 2476 et
1881 2419 2124 2493 passim.

663 2574 992 2632 Adiuiasses
1011 2571 1149 2649 (62).
1169 2570 1418 2629 Adiuto:
1444 2571 1952 2644 frequentativum
1971 2571 2045 2628 ab
2064 2569 2309 2629 adiuvo:
2331 2569 2715 2626 archaismus,

593 2671 892 2729 Pacuvius
927 2672 990 2728 in
1027 2670 1251 2744 Chrise‚
1287 2671 1509 2728 citante
1545 2671 1782 2727 Donato
1818 2671 1895 2726 ad
1920 2670 2180 2727 Terentii
2202 2670 2455 2745 Adelph.
2478 2671 2719 2742 Prolog.

593 2789 631 2825 ς
676 2769 882 2827 adiuta
927 2769 1074 2826 mihi
1108 2790 1146 2826 ›
1197 2775 1268 2827 nt
1306 2768 1644 2827 Sohefferus
1682 2769 1976 2827 admonet.
2013 2769 2191 2843 Apud
2226 2771 2461 2828 Terent.
2496 2770 2717 2844 Hecyr.

596 2883 668 2924 111
703 2869 738 2923 2
761 2867 1011 2940 legitur:
1034 2851 1072 2923 ’ς
1096 2874 1280 2942 atque
1311 2868 1406 2925 his
1451 2886 1630 2926 onera
1671 2868 1893 2925 adiuta.
1918 2888 1956 2924 ›
1995 2868 2306 2926 Invenitur
2350 2868 2530 2926 etiam
2559 2867 2719 2942 apud

596 2965 830 3024 Alcuin.
866 2967 998 3022 adv.
1037 2965 1301 3040 Elipanti
1335 2967 1598 3041 epistol„
1607 2983 1670 3039 11,
1698 2966 2057 3040 atquessGell.
2094 2983 2142 3024 11
2167 2967 2253 3024 19.

669 3118 1074 3188 Aeoronhauiae
1109 3117 1248 3192 (56).
1283 3119 1503 3175 Exstat
1537 3119 1600 3174 in
1637 3118 1763 3175 eod.
1800 3125 2026 3191 tragnr.
2050 3138 2088 3174 ς
2113 3118 2399 3193 serisapia
2424 3121 2498 3176 'et
2521 3124 2723 3177 contn-

597 3215 802 3272 melia:
841 3215 1267 3289 aecrophagiae
1306 3216 1466 3273 saele
1504 3215 1679 3273 datae
1726 3222 1869 3274 sunt
1919 3223 1982 3273 et
2036 3222 2251 3273 contus
2306 3235 2441 3274 oum
2492 3219 2668 3276 malo.
2684 3237 2722 3273 ›

598 3313 716 3380 Qui
748 3315 918 3371 locus
955 3319 1048 3371 est
1081 3313 1462 3388 perdifficilis.
1502 3316 1719 3373 Comus
1758 3331 1892 3373 cum
1927 3318 2089 3373 malo
2123 3315 2285 3372 hand
2316 3316 2496 3392 dubio
2521 3320 2720 3375 conm-

597 3413 810 3469 meliae
861 3411 1210 3485 respondet:
1268 3399 1655 3486 quid'verum
1703 3418 1798 3470 est
1852 3408 2277 3487 aecrophdqiae
2329 3412 2527 3472 eaelo?
2579 3413 2723 3487 qnid

596 3511 894 3583 serisapia
909 3508 939 3565 ‚2
974 3512 1264 3584 quomodo
1299 3510 1440 3567 huie
1474 3511 1653 3568 titulo
1696 3511 1805 3567 iHa
1839 3511 2074 3569 sortitio
2114 3511 2425 3569 convenit?
2475 3511 2571 3568 Sic.
2608 3529 2720 3584 ego

597 3609 866 3666 restitui:
900 3628 938 3664 ς
982 3604 1270 3682 s'erisapia
1307 3615 1367 3666 et
1422 3610 1809 3666 contumelia:
1860 3611 2253 3684 aerophagiae
2309 3618 2526 3675 allatae
2581 3625 2723 3676 sunt

601 3711 663 3760 et
699 3713 911 3762 contus
950 3724 1085 3763 oum
1107 3709 1282 3764 male.
1307 3727 1342 3763 »
1365 3710 1673 3780 Serisapia
1699 3714 1792 3766 est
1817 3729 1854 3765 a
1877 3712 2013 3781 seri,
2036 3728 2190 3783 quae
2217 3707 2376 3783 apud
2398 3708 2723 3766 Varronem

571 3819 794 3874 .genus
832 3806 1010 3862 oleris
1047 3805 1322 3878 traditur,
1358 3825 1429 3862 ao
1464 3808 1749 3878 sapiendo
1768 3825 1788 3862 .·
1840 3807 1998 3881 quod
2034 3808 2152 3864 seri
2189 3808 2370 3880 sapit3
2421 3807 2517 3862 eni
2562 3824 2724 3863 aoro-

601 3900 857 3974 phagiae
893 3903 1201 3977 ingeniose
1236 3905 1570 3978 respondit3
1608 3911 1702 3962 est
1740 3905 1898 3962 enim
1934 3909 2315 3980 acrophayia,
2343 3909 2413 3961 ut
2436 3905 2722 3977 Duoange

603 3998 794 4072 docet,
831 4000 1093 4060 edulium
1131 4022 1204 4060 ex
1241 4001 1684 4061 summitatibus
1722 4005 2001 4077 oleorum,
2053 4005 2305 4078 gemmis
2352 4004 2721 4061 tumentibus

604 4099 896 4171 arborum,
933 4101 1188 4159 maximo
1223 4103 1288 4158 in
1321 4120 1439 4160 usu
1475 4103 1634 4175 apud
1667 4103 1873 4161 Italos
1908 4103 2241 4176 Legumina
2264 4121 2417 4177 quae
2442 4102 2725 4177 aoropha-
