3500 5042
2649 370 2717 425 13

592 526 819 571 scurra
846 503 1305 592 neapolitanus
1336 504 1652 572 scribenti
1699 505 2011 571 Petronio
2042 500 2351 571 adfuerit.
2393 505 2567 571 Sane
2600 504 2715 590 qui

595 622 1053 708 petronianam
1103 621 1438 688 licentiam
1498 643 1648 688 cum
1715 619 1903 706 vulgi
1973 620 2377 709 neapolitani
2445 619 2716 686 licentia

598 736 969 822 contulerit,
1017 759 1176 803 vera
1222 736 1408 802 illum
1456 737 1676 802 dicere
1721 737 2098 824 comperiet.

640 833 647 839 .
686 852 816 920 Sed
864 862 929 919 et
976 852 1340 918 idiotismos
1384 875 1516 918 non
1563 852 1773 918 nullos
1820 854 1961 946 ipse
2015 852 2448 939 deprehendit
2489 856 2560 918 in
2614 876 2711 918 sa·

598 971 764 1054 tiris,
814 968 1049 1035 Italiae
1101 969 1395 1056 reliquae
1438 991 1606 1056 pene
1653 971 2107 1055 incompertos,
2153 979 2225 1036 at
2261 969 2539 1056 Neapoli
2584 968 2716 1035 fre-

595 1087 1071 1173 quentissimos.
1132 1086 1402 1151 Dicitur
1448 1085 1531 1150 de
1592 1085 1844 1152 Safinio
1890 1087 2058 1172 (cap.
2112 1085 2227 1169 44)
2285 1085 2317 1124 “
2349 1086 2540 1173 piper
2583 1107 2708 1151 non

593 1201 787 1268 homo
837 1252 868 1289 „
944 1211 1010 1268 et
1054 1200 1413 1267 hodiedum
1456 1201 1707 1286 pariter
1766 1202 1883 1289 qui
1942 1174 2323 1286 sagacitate,
2371 1199 2716 1267 alacritate

597 1326 664 1384 et
695 1319 994 1384 acumine
1039 1315 1244 1402 valet,
1273 1324 1449 1383 totus
1477 1339 1623 1383 esse
1652 1318 1843 1403 piper
1871 1320 1931 1401 (ὲ
1974 1326 2140 1383 tutto
2160 1320 2353 1404 pepe)
2386 1316 2716 1383 laudatur.

596 1431 866 1518 Contra,
889 1435 1004 1520 qui
1051 1453 1281 1527 crassax
1301 1433 1602 1498 minerva
1633 1440 1751 1516 est,
1784 1454 1905 1497 nec
1934 1433 2220 1518 assurgit
2249 1452 2567 1521 unquam,
2599 1456 2720 1499 nec

592 1546 953 1632 incalescit,
999 1548 1056 1613 is
1083 1547 1283 1632 vulgo
1317 1571 1456 1613 esse
1487 1557 1705 1614 terrae
1750 1546 1945 1614 tuber
1975 1570 2139 1614 voce
2164 1557 2475 1636 corrupta
2506 1551 2716 1632 (tara-

593 1663 835 1750 tufolo)
884 1664 1338 1748 insimulatur;
1371 1686 1494 1729 1100
1525 1685 1710 1730 secus
1741 1664 1921 1750 apud
1950 1665 2331 1730 Petronium
2380 1668 2548 1752 (cap.
2604 1665 2716 1746 58]

599 1777 804 1845 Giton
835 1804 876 1847 a
906 1779 1248 1847 colliberto
1282 1780 1798 1846 Trimalchionis
1852 1781 1882 1818 “
1918 1790 2133 1847 terrae
2177 1779 2372 1846 tuber
2408 1831 2439 1868 „
2492 1781 2716 1846 110ἆο-

591 1896 785 1961 citur.
832 1897 1182 1963 Praeterea
1213 1906 1311 1962 est
1356 1897 1456 1962 uti
1501 1895 1776 1962 Arbiter
1834 1896 2112 1962 dialecto
2158 1918 2422 1984 prorsus
2476 1918 2708 1982 neapo-

534 2056 542 2069 ,
592 2011 802 2077 litana
860 1993 1189 2078 decurrat.
1250 2013 1281 2050 “
1317 2011 1767 2078 Manuciolum
1820 2012 1903 2077 de
1962 2013 2337 2079 stramentis
2390 2012 2642 2078 factum
2677 2062 2708 2098 Ἡ

594 2128 935 2193 invenitur
967 2129 1036 2193 in
1068 2125 1984 2194 Trimalchionis-narratione
2016 2132 2186 2214 (cap.
2212 2129 2346 2210 63).
2372 2129 2720 2215 Perreptet

594 2242 835 2331 aliquis
893 2253 1215 2329 quantum
1272 2252 1486 2330 potest
1530 2245 1802 2310 Latium
1848 2265 2105 2310 sursum
2166 2243 2494 2329 deorsum,
2538 2253 2716 2311 certe

540 2342 543 2345 ’
592 2359 830 2426 nullibi
877 2359 1267 2427 vocabulum
1301 2359 1465 2425 illud
1511 2360 1955 2426 manuciolum
2001 2383 2121 2448 pro
2168 2359 2504 2448 manipulo
2535 2362 2716 2448 expi-

515 2496 520 2502 ·
593 2475 906 2542 scabitur.
955 2476 1048 2541 At
1094 2477 1151 2541 si
1204 2475 1552 2563 Neapolim
1591 2475 1901 2562 divertet,
1949 2481 2170 2543 statim
2232 2477 2574 2563 intelliget,
2623 2476 2716 2542 ibi

592 2593 807 2659 adhuc
857 2594 1318 2680 petronianum
1378 2591 1821 2659 manuciolum
1872 2594 2269 2679 (mammolo)
2326 2577 2563 2661 leviter
2606 2594 2716 2660 de-

593 2708 841 2776 flexum
871 2711 1022 2776 usui
1071 2731 1230 2775 esse.
1426 2707 1434 2714 ’
2164 2795 2178 2808 ο

679 2828 837 2893 Post
880 2826 1044 2893 haec
1088 2828 1197 2892 vir
1243 2828 1545 2912 egregius
1607 2836 1745 2893 tam
1801 2827 2151 2914 diligentes
2193 2828 2716 2915 comparationes

591 2941 770 3008 haud
797 2952 1159 3030 opportune
1172 2942 1587 3031 interpellat.
1621 2946 1959 3012 Sermonis
1987 2946 2363 3031 petroniani
2396 2944 2716 3031 reliquias

583 3080 726 3140 ,11011
779 3059 968 3125 1110ᾶο
1021 3082 1141 3147 per
1192 3060 1702 3146 neapolitanam,
1759 3059 1873 3125 sed
1933 3069 2197 3126 exstant
2249 3082 2368 3146 per
2420 3082 2645 3126 omnes
2678 3086 2716 3122 a

593 3173 852 3260 vulgari
906 3174 1237 3243 latinitate
1306 3186 1644 3243 emanatas
1699 3176 2055 3243 dialectos:
2118 3198 2296 3255 nunc
2365 3187 2585 3244 autem
2643 3175 2708 3239 in

594 3290 830 3359 harum
890 3292 1152 3379 speculo
1222 3293 1400 3360 illius
1453 3294 1808 3379 imaginem
1861 3295 2165 3361 invenire
2216 3293 2519 3361 conabor.
