3500 5042
2751 415 2823 472 39

765 547 1019 618 Saplutus
1055 543 1193 619 (37).
1227 543 1302 602 Id
1337 549 1434 603 est
1483 543 1678 604 dives:
1713 562 1932 620 graeca
1965 561 2115 604 vox:
2153 545 2467 612 ζάπλουτος.
2502 546 2725 606 Exstat
2756 547 2822 606 in

689 648 813 701 not.
849 641 1071 716 Tyron.

759 770 1043 826 satureum
1079 767 1182 843 (8).
1206 768 1296 825 De
1327 774 1565 826 satureo
1588 767 1840 842 Plinius,
1864 767 2103 827 Caelius
2124 768 2503 842 Aurelianus,
2527 769 2821 844 Apuleius

689 865 954 923 medicus
973 865 1192 940 aliique
1210 865 1528 940 scriptores
1550 873 1863 940 corruptae
1883 867 2202 924 latinitatis
2220 869 2412 925 multa
2428 867 2822 927 tradiderunt.

690 963 944 1039 Σατύρων
982 964 1211 1036 Graeci,
1244 964 1583 1039 priapiscon
1616 965 1873 1022 Romani
1921 967 2315 1040 appellabant.
2352 966 2523 1036 Quod
2576 967 2664 1024 ita
2719 985 2819 1026 vo·

692 1068 864 1120 catur
918 1081 955 1119 a
1004 1068 1346 1137 satyrorum
1398 1063 1743 1136 salacitate3
1798 1064 1938 1138 quia
1987 1063 2427 1122 concitatricem
2472 1065 2597 1124 vim
2638 1065 2849 1123 habet-

693 1166 1022 1218 satureum.

762 1288 1144 1347 saviunculum
1182 1286 1321 1362 (66).
1357 1285 1428 1345 Id
1464 1292 1558 1345 est
1583 1287 1880 1359 savinum,
1897 1305 2089 1362 genus
2112 1289 2440 1362 placentae.
2466 1287 2584 1347 cfr.
2610 1287 2818 1348 Caton.

689 1385 762 1443 R.
801 1386 872 1442 R..
909 1401 1154 1444 Lxxnv.

763 1539 1160 1598 scabitudinem
1176 1539 1316 1614 (99).
1335 1537 1654 1597 Scabitudo
1671 1538 1832 1596 idem
1845 1557 1915 1596 ac
1928 1539 2176 1597 scabies:
2188 1540 2289 1596 hic
2301 1557 2513 1598 verum
2522 1541 2817 1598 translate

691 1654 728 1693 a
761 1636 1042 1694 Petronio
1065 1636 1398 1695 adhibetur.
1416 1636 1596 1711 Apud
1616 1637 1764 1695 Maii
1788 1655 1821 1694 e
1846 1637 2089 1696 Classic.
2116 1643 2273 1696 auct.
2308 1637 2373 1698 in
2394 1638 2663 1712 Ducang.
2696 1639 2817 1697 Le·-

691 1732 805 1792 xic.
840 1753 880 1792 <
901 1733 1004 1808 qui
1027 1735 1230 1792 ulcera
1247 1736 1432 1793 habet
1447 1735 1512 1793 in
1532 1735 1720 1792 oculis
1745 1741 1810 1792 et
1834 1735 2236 1794 scabitudines
2263 1741 2324 1794 et
2347 1736 2707 1812 albuginem.
2729 1757 2765 1792 »

757 1888 1045 1960 solnlphes
1082 1887 1219 1963 (98).
1259 1887 1488 1946 Graeca
1522 1905 1670 1948 vox:
1699 1896 1943 1962 σκνῖφεςε
1970 1889 2277 1946 musculae
2300 1889 2711 1961 permolestae,
2737 1889 2815 1946 ci·

689 1986 865 2044 nifes.
900 1985 1081 2061 Apud
1128 1986 1472 2061 Hieronym.
1527 1987 1590 2044 in
1638 1987 1786 2045 Ivel.
1836 2002 1885 2042 11
1920 1988 2023 2044 25:
2057 2005 2096 2042 <
2142 1987 2431 2062 cyniphes
2478 1993 2606 2046 tam
2645 1987 2817 2062 parvi

691 2089 832 2141 sunt
881 2085 1122 2144 culices.
1167 2103 1204 2139 >
1237 2083 1562 2160 :sciniphes
1611 2085 1793 2142 etiam
1834 2085 2023 2142 'habet
2071 2083 2324 2144 Ioannes
2377 2083 2452 2142 de
2506 2085 2695 2144 Ianna
2752 2092 2816 2143 et

687 2182 1017 2241 Perusinus
1051 2183 1114 2240 in
1147 2183 1289 2241 Vita
1322 2183 1391 2240 B.
1429 2183 1749 2241 Columbae
1786 2199 1854 2242 v:
1891 2204 1927 2240 ‹
1950 2184 2231 2259 deturpat
2266 2188 2331 2242 et
2346 2183 2656 2260 sciniphex
2680 2202 2817 2244 can·

691 2279 899 2338 didum
932 2281 1176 2340 fontem.
1212 2300 1250 2337 ›

757 2435 983 2494 Scobem
1022 2433 1155 2507 (68).
1192 2431 1398 2490 Scobis
1435 2437 1497 2490 et
1531 2433 1736 2490 scobs:
1773 2450 1927 2507 quae
1963 2452 2001 2516 a
2035 2432 2200 2506 ligno
2236 2439 2437 2492 secato
2467 2433 2669 2509 pulvis
2693 2436 2813 2492 mi-

560 2537 566 2544 '
682 2530 1002 2591 nutissima
1038 2529 1273 2604 decidit,
1310 2529 1469 2606 apud
1502 2531 1817 2605 plerosque
1852 2531 2081 2589 mediae
2117 2531 2437 2590 latinitatis
2488 2530 2809 2607 scriptores

682 2628 893 2687 fertur.
931 2629 1050 2686 Ofr.
1085 2625 1428 2686 Forcellinii
1460 2627 1664 2685 Lexic.

755 2784 1078 2842 scordalias
1113 2781 1250 2858 (59).
1287 2779 1601 2854 Scor-dolia,
1639 2799 1676 2838 a
1711 2780 1998 2854 scorda10,
2034 2769 2167 2838 rixa
2202 2779 2425 2840 rustice
2459 2781 2814 2856 appellatur.

753 2910 1018 2969 scordalo
1058 2908 1198 2981 (95).
1235 2907 1565 2979 Scordalus,
1604 2907 1773 2966 ferox
1809 2905 1873 2964 in
1910 2906 2143 2964 Glossis
2178 2907 2322 2964 IsicL
2372 2906 2565 2976 Quam
2601 2925 2812 2965 vocem

685 3006 1067 3064 doctissimus
1106 3006 1398 3063 Graevius
1433 3005 1701 3062 restituit
1750 3005 1991 3062 Sueton.
2030 3003 2185 3078 Aug.
2222 3020 2375 3062 va:
2412 3025 2447 3086 ς
2473 3005 2802 3079 Agrippam

681 3106 758 3164 ob
794 3105 1101 3178 ingenium
1137 3103 1473 3160 scordalum
1509 3122 1578 3159 ac
1617 3103 1789 3159 ferox
1830 3103 2147 3161 abdicavit.
2191 3122 2227 3159 »
2267 3103 2467 3160 Etiam
2507 3104 2811 3162 invenitur

683 3204 858 3277 apud*
877 3204 1078 3261 Senec.
1104 3219 1194 3276 ep.
1231 3217 1486 3259 LxxXIv:
1513 3222 1548 3256 ‹
1572 3202 1806 3258 'Pullius
1833 3201 2054 3259 cimber
2079 3207 2141 3260 et
2164 3201 2381 3260 mimus
2406 3207 2536 3259 erat
2572 3201 2636 3260 in
2672 3220 2807 3258 con-

683 3301 846 3360 vivio
883 3308 946 3359 et
982 3300 1304 3358 scordalus.
1341 3319 1378 3355 >

753 3429 1065 3486 secutuleia
1104 3425 1242 3500 (50).
1262 3423 1428 3492 Quae
1475 3422 1667 3496 virum
1705 3425 1977 3498 sequitur
2014 3423 2278 3482 libidinis
2315 3442 2560 3498 caussa3
2601 3425 2810 3484 eadem

683 3526 917 3584 ratione
953 3542 1024 3581 ac
1059 3523 1306 3582 sterteia
1342 3523 1494 3604 (cap.
1534 3524 1627 3598 75)
1665 3523 1988 3580 formatum
2024 3524 2138 3580 hoc
2172 3523 2425 3581 verbum
2459 3522 2719 3582 videtur.

752 3650 1106 3713 semicinctio
1145 3648 1285 3722 (94).
1324 3645 1769 3705 Semicinctium
1824 3653 1918 3704 est
1971 3665 2123 3706 zona
2176 3647 2387 3726 media.
2437 3647 2617 3720 Apud
2666 3647 2809 3706 Isid.

683 3746 829 3820 orig.
866 3763 976 3806 xlx
997 3747 1099 3804 23:
1121 3766 1157 3802 «
1173 3746 1370 3802 minus
1395 3747 1522 3802 lata
1547 3747 1999 3804 semicinctium.
2024 3765 2060 3802 »
2082 3745 2425 3804 Etiamnum
2461 3764 2499 3802 a
2538 3745 2807 3804 Picardis

681 3850 994 3916 praetenta
1030 3845 1192 3922 haec⁵
1215 3842 1414 3902 ventri
1457 3845 1692 3903 castula
1727 3847 2035 3903 demicemt
2069 3845 2421 3919 appellatur,
2462 3850 2534 3902 ut
2578 3843 2641 3902 in
2686 3845 2811 3904 Du-

682 3959 850 4016 cang.
892 3942 1157 4000 Glossar.

752 4067 1041 4139 Serisapia
1080 4066 1197 4143 (56)
1234 4068 1290 4125 A
1327 4067 1446 4125 seri
1482 4085 1634 4142 quae
1672 4066 1832 4141 apud
1865 4067 2196 4125 Varronem
2230 4083 2423 4140 genus
2459 4068 2639 4125 oleris
2684 4073 2799 4126 tra·

680 4164 844 4225 ditur
879 4172 944 4226 et
979 4166 1289 4242 sapiendo:
1336 4167 1495 4242 quod
1531 4165 1651 4226 seri
1687 4167 1861 4243 sapit.
1898 4167 2150 4241 Duplex
2188 4167 2548 4226 vocabulum
2595 4165 2803 4226 eadem
