3500 5042
2626 415 2696 472 43

639 549 1011 607 'tonstreinum
1053 545 1170 620 (46)
1205 545 1595 603 Tonstreinus
1639 565 1676 602 a
1715 545 2040 602 tondendo:
2087 560 2205 605 vox
2244 545 2501 621 plebeia:
2538 547 2699 604 idem
2731 604 2734 606 ,

575 665 645 702 ac
681 651 903 703 tonsor.
941 665 977 700 (ι
1001 645 1319 702 Tonstrina
1338 665 1372 700 »
1399 650 1493 702 est
1514 644 1576 701 in
1601 645 1798 701 Plaut.
1817 641 1991 718 Epid.
2020 660 2069 701 11
2094 646 2131 700 2
2163 645 2259 702 13:
2283 663 2319 699 ‹
2334 663 2442 719 per
2466 663 2700 707 omnem

569 745 776 800 urbem
813 760 990 818 quem
1026 761 1160 800 sum
1210 743 1482 800 defessus
1528 761 1829 816 quaerere,
1876 761 1984 816 per
2029 741 2369 816 medicinae,
2416 760 2523 818 per
2566 749 2697 801 ton-

573 843 810 913 strinas,
848 842 911 898 in
928 841 1294 916 ,gymnasiiS,
1332 849 1512 914 atque
1548 842 1612 897 in
1647 841 1778 898 foro
1802 827 1854 914 Ξ»,
1894 847 1956 898 et
1990 841 2231 915 passim.
2258 841 2526 900 Adnotat
2548 841 2701 899 Bue-

573 940 793 1020 cheler:
847 959 883 995 (ε
907 957 1043 996 cum
1090 958 1164 997 ex
1213 958 1338 1013 cap.
1389 941 1460 995 64
1507 939 1873 1014 tonstrinum
1916 922 2206 1013 appellari
2250 938 2548 998 medicum
2590 957 2701 1014 ap-

573 1043 799 1111 pareat,
817 1039 1154 1095 scaenicum
1175 1038 1462 1095 artificem
1479 1038 1887 1110 intelligemus
1901 1057 1953 1095 ».
1972 1038 2088 1095 Sed
2105 1055 2313 1112 prave:
2330 1037 2531 1096 nescio
2547 1037 2704 1096 enim

575 1135 734 1193 unde
773 1135 1172 1194 tonstreinum
1205 1138 1366 1193 hunc
1403 1137 1647 1193 ductum
1682 1136 2013 1194 Buecheler
2036 1142 2227 1210 putet.
2252 1135 2598 1193 scaenicum
2621 1155 2707 1192 ar·

578 1234 830 1292 tificium
867 1253 932 1292 se
961 1235 1258 1307 didicisse,
1283 1235 1412 1308 ipse
1436 1234 1769 1304 Plocrimus
1804 1235 1926 1290 iam
1962 1233 2197 1292 dixerat
2232 1234 2704 1308 conceptissimis

576 1333 805 1391 verbis.
844 1352 880 1388 ‹
906 1351 1042 1389 cum
1079 1351 1272 1390 essem
1310 1333 1811 1405 adulescentulus,
1839 1332 2131 1390 cantando
2155 1351 2346 1407 paene
2367 1319 2703 1406 phthisicus

575 1429 774 1487 factus
815 1449 964 1488 sum.
991 1453 1020 1486 ³>
1061 1430 1218 1498 Quid
1255 1431 1551 1488 attinebat
1585 1431 1895 1505 repetere?
1930 1431 2083 1488 Mihi
2105 1431 2347 1489 videtur
2366 1430 2567 1506 potius
2592 1431 2707 1488 hoc

579 1547 706 1602 cap.
747 1512 820 1585 '64
855 1514 1232 1598 tonstrinum,
1271 1530 1471 1586 cultus
1509 1529 1959 1603 ornamentique
1995 1547 2219 1603 curam,
2260 1547 2415 1603 quae
2457 1529 2534 1587 ad
2574 1533 2702 1586 ton-

582 1643 776 1684 sorem
811 1627 1087 1701 pertinet,
1125 1627 1479 1700 significare.

565 1858 570 1863 ο
651 1781 1001 1839 'tralaticium
1042 1780 1214 1854 (108).
1255 1779 1576 1837 Ludicrum
1629 1779 1899 1862 (Gnoss.)
1939 1780 2115 1854 Apud
2152 1779 2335 1837 Oicer.
2372 1780 2499 1840 Att.
2529 1796 2569 1838 v
2604 1781 2705 1842 21:

580 1896 616 1932 ‹
654 1895 790 1934 cum
835 1895 947 1950 ego
995 1874 1059 1934 in
1109 1878 1301 1936 edicto
1346 1877 1644 1936 tralaticio
1694 1877 2049 1936 centesimas
2100 1896 2196 1935 me
2247 1879 2705 1937 observaturum

579 1975 881 2047 haberem,
906 1995 943 2030 »
978 1981 1042 2034 et
1075 1977 1318 2050 passim.

654 2127 1083 2186 'tricliniarches
1120 2127 1260 2202 (22).
1297 2127 1525 2188 Graeca
1549 2146 1697 2186 vox:
1734 2131 2155 2206 τρικλινιάρχης,
2182 2147 2395 2188 servus
2433 2129 2707 2189 convivio

581 2225 975 2298 praepositus,
1026 2221 1126 2282 cui
1179 2227 1426 2284 ornandi
1479 2227 1724 2284 triclinii
1773 2245 1917 2285 cura
1958 2227 2263 2320 incumbit.
2319 2228 2392 2284 In
2440 2227 2709 2302 inscript.

581 2342 675 2397 ap.
714 2321 953 2380 Gruter.
987 2339 1270 2382 DLxxvm
1303 2341 1342 2397 1,
1379 2325 1621 2399 passim,
1659 2331 1720 2382 et
1758 2325 1918 2400 apud
1950 2327 2236 2384 Murator.
2273 2341 2501 2384 cmlv
2536 2343 2578 2385 1.

655 2477 996 2536 'tristimonio
1023 2477 1159 2551 (63).
1197 2471 1658 2548 Tristirhonium,
1706 2478 1771 2534 id
1813 2484 1908 2536 est
1930 2479 2204 2535 tristitia:
2242 2479 2401 2552 apud
2442 2479 2599 2536 Hirt.
2640 2479 2710 2537 B.

587 2574 715 2630 Afr.
746 2573 844 2630 10:
881 2595 916 2629 ς
934 2593 1150 2648 magno
1188 2581 1354 2632 metu
1390 2594 1459 2632 ac
1493 2575 1872 2634 tristimonia.
1923 2576 2019 2633 Sic
2054 2596 2090 2632 ‹
2114 2577 2457 2634 alimonium
2482 2597 2517 2633 ι
2552 2576 2712 2652 apud

585 2672 772 2728 Tacit.
820 2672 1035 2730 Annal-
1071 2689 1152 2730 xl.

657 2826 892 2895 'rr-opica
931 2825 1048 2898 (88)
1086 2825 1527 2883 conversiones:
1564 2845 1601 2882 a
1636 2829 1827 2902 τρὲπω.

1596 3167 1714 3217 U

661 3351 928 3409 urceatim
967 3349 1102 3424 (44).
1160 3320 1362 3409 Plenis
1411 3354 1624 3411 urceis.
1679 3353 1775 3410 Sic
1831 3354 1989 3428 apud
2040 3355 2273 3428 Apulei.
2327 3355 2569 3414 Metam.
2622 3371 2717 3414 lv:

586 3465 622 3501 ‹
661 3447 976 3504 fistulatim
1010 3468 1045 3504 ι
1083 3467 1120 3505 a
1155 3448 1376 3506 fistula.

1604 3801 1721 3846 V

663 3981 894 4040 vasculo
920 3979 1058 4056 (14).
1078 3983 1404 4040 Vaeculum
1441 3983 1875 4042 deminutivum
1910 3985 2039 4044 vasi
2046 4005 2093 4043 s.
2146 3983 2374 4043 Eadem
2410 3987 2719 4060 significa-

592 4077 756 4135 tione
794 4084 889 4136 est
923 4081 1083 4153 apud
1117 4082 1314 4141 Plaut.
1351 4084 1532 4140 Poen.
1571 4097 1634 4142 lv
1669 4085 1705 4140 2
1740 4085 1837 4142 40:
1884 4104 1921 4140 ‹
1945 4086 2140 4142 refero
2176 4103 2327 4146 vasa
2360 4086 2545 4160 salva,
2581 4107 2618 4142 »
2659 4093 2721 4144 et

589 4177 654 4236 in
687 4176 888 4251 Priap.
923 4193 1076 4236 Lxx:
1114 4198 1150 4234 ‹
1173 4180 1426 4252 grandia
1461 4180 1726 4238 Dulichii
1764 4199 1913 4240 vasa
1947 4181 2175 4256 petisse
2210 4181 2397 4244 viri.»
