3500 5042
1595 1177 1717 1245 VI.

687 1375 925 1445 Sordes
956 1375 1206 1442 referre
1253 1395 1476 1440 omnes
1519 1373 1986 1459 grammaticas
2032 1391 2163 1460 qua
2193 1370 2427 1438 harum
2476 1371 2714 1438 satira-

598 1515 745 1561 rum
789 1501 1068 1560 utuntur
1116 1475 1443 1558 colliberti
1466 1512 1600 1556 non
1624 1490 1913 1576 possiam.
1960 1489 2156 1556 Modo
2180 1490 2435 1555 occurit
2479 1489 2716 1554 intem-

601 1610 858 1696 pestive
903 1609 1350 1675 accusativus:
1391 1605 1621 1672 accedo
1669 1604 2007 1672 aniculam
2030 1607 2149 1690 (6),
2172 1603 2494 1670 admissus
2553 1600 2714 1671 Gae-

602 1747 817 1790 sarem
863 1723 1028 1808 (51),
1073 1723 1393 1809 Africam
1437 1722 1536 1786 ire
1581 1722 1744 1808 (48),
1806 1723 2119 1786 ‘neminem
2173 1719 2344 1785 nihil
2401 1719 2552 1785 boni
2596 1720 2718 1807 fa-

600 1862 742 1906 cere
789 1841 951 1924 (42),
998 1839 1240 1906 aediles
1283 1844 1455 1905 male
1499 1843 1754 1904 eveniat
1800 1838 1965 1923 (44),
2010 1839 2109 1902 ita
2150 1857 2319 1902 meos
2360 1836 2721 1923 fruniscar

601 1957 766 2041 (44),
808 1958 899 2022 sic
934 1954 1277 2043 peculium
1323 1963 1514 2018 tuum
1560 1953 1979 2040 fruniscaris
2026 1952 2188 2038 (75),
2220 1975 2376 2020 cave
2400 1953 2719 2019 maiorem

601 2064 953 2138 maledicas
1001 2069 1164 2155 (58),
1209 2069 1488 2136 maledic
1526 2069 1720 2136 illam
1766 2071 1933 2154 (96),
1982 2068 2352 2157 persuadeo
2412 2069 2723 2156 hospitem

605 2186 768 2269 (62),
820 2195 878 2252 te
912 2187 1350 2273 persuadeam
1416 2186 1587 2272 (46);
1644 2186 1835 2253 modo
1905 2183 2259 2252 insolenter
2326 2184 2719 2252 adverbium

602 2301 988 2368 adhibetur:
1051 2301 1314 2391 dispare
1369 2301 1668 2390 pallavit
1736 2303 1899 2387 (46),
1944 2301 2030 2368 sit
2074 2302 2398 2370 vinearu‘n
2445 2301 2723 2392 laryiter

604 2420 768 2502 (81),
813 2417 970 2484 belle
1015 2419 1140 2484 erit
1186 2420 1350 2504 (46),
1397 2419 1544 2486 bene
1577 2419 1731 2505 fuit
1780 2419 1943 2504 (65),
1988 2420 2280 2485 suaviter
2313 2420 2397 2496 sit
2425 2418 2589 2505 (75),
2619 2441 2717 2486 so·

605 2532 777 2600 lebas
823 2536 1098 2600 suavius
1127 2557 1256 2600 esse
1303 2536 1412 2616 (61
1473 2535 1608 2619 64),
1655 2558 1854 2623 aeque
1899 2545 1991 2601 est
2031 2558 2109 2601 ac
2138 2537 2197 2601 si
2240 2536 2402 2620 (42),
2434 2545 2573 2614 tam
2600 2535 2727 2621 fui

604 2674 804 2739 quam
847 2675 960 2717 vos
1009 2651 1156 2717 estis
1203 2651 1380 2737 (75);
1427 2653 1619 2720 modo
1665 2649 2066 2718 constructio
2121 2651 2478 2719 clauditat:
2541 2651 2725 2718 vale-

602 2766 711 2832 bat
756 2768 974 2834 bovem
1017 2767 1270 2833 iratum
1316 2767 1541 2835 tollere
1586 2770 1750 2854 (63),
1800 2767 2063 2834 oculum
2108 2767 2373 2833 bublum
2397 2767 2539 2835 vidi
2579 2791 2718 2834 ma·

603 2885 807 2949 iorem
829 2884 993 2967 (44),
1018 2884 1224 2949 satius
1264 2895 1356 2950 est
1385 2884 1594 2950 rideri
1624 2906 1821 2971 quam
1846 2885 2134 2950 derideri
2163 2885 2327 2970 (61),
2366 2908 2479 2952 uec
2514 2895 2728 2951 tamen

601 2997 829 3064 derisit
853 2999 1014 3084 (62),
1061 3019 1212 3083 erqo
1237 3019 1336 3061 me
1358 2996 1586 3062 derisit
1633 2997 1839 3082 (100),
1872 2996 2199 3063 destinavi
2210 2997 2424 3062 illum
2447 2997 2728 3083 artificii

551 3185 554 3190 ,
605 3115 854 3196 docere,
887 3135 1283 3202 praeconem
1326 3122 1448 3179 aut
1469 3113 1880 3178 causidicum
1902 3114 2067 3198 (46),
2100 3123 2333 3180 aratro
2357 3113 2728 3200 domefacta

606 3229 795 3296 tellus
844 3230 1006 3314 (99),
1053 3227 1329 3316 effluunt
1397 3229 1636 3294 vinum·
1697 3231 2051 3326 amphorae
2099 3229 2262 3315 (71),
2332 3231 2494 3316 quia
2560 3231 2729 3297 euim

607 3345 742 3429 51),
789 3356 881 3412 est
926 3354 984 3410 te
1029 3335 1306 3411 videre?
1355 3346 1518 3431 (67),
1543 3367 1716 3410 nunc
1764 3355 1908 3413 erat
1950 3345 2325 3412 submittere
2359 3347 2568 3430 (126),
2590 3346 2728 3413 ewi-

610 3473 747 3528 tum
771 3462 1011 3549 facere
1057 3459 1287 3548 (2,45),
1334 3463 1552 3528 omnia
1577 3461 1666 3528 ad
1695 3484 1760 3526 se
1771 3461 2082 3548 fecerunt
2114 3463 2277 3546 (38),
2307 3463 2477 3549 fecit
2522 3483 2730 3528 assem

607 3580 768 3663 (61),
789 3578 1026 3665 facere
1072 3578 1302 3643 meiere
1351 3578 1515 3662 (62),
1548 3577 1785 3664 facere
1853 3577 2041 3644 rebus
2110 3579 2386 3644 veneriis
2432 3577 2548 3662 (45
2595 3579 2731 3662 87),

595 3693 686 3776 fit
727 3703 999 3760 cenatur
1046 3693 1212 3777 (38),
1255 3693 1572 3780 saciatur
1617 3693 1781 3778 (71),
1825 3694 2005 3781 facco
2048 3694 2275 3760 sciatis
2335 3691 2497 3778 (95),
2550 3715 2733 3760 omne

603 3829 808 3893 „oenus
841 3832 1048 3899 poma
1115 3807 1264 3874 volo
1312 3809 1440 3874 sint
1485 3809 1647 3894 (71),
1692 3831 1824 3876 non
1888 3831 2039 3876 sum
2084 3809 2162 3875 de
2214 3807 2519 3896 gloriosis
2566 3808 2731 3896 (75),

607 3922 680 3988 iu
721 3903 1234 3991 controversiam
1277 3946 1406 3991 esse
1452 3923 1616 4010 (15),
1649 3924 1779 4011 fui
1814 3925 1887 3991 in
1918 3925 2143 4012 funus
2191 3927 2357 4011 (42),
2404 3925 2629 3992 videbo
2676 3935 2734 3992 te

605 4039 676 4105 in
711 4038 1060 4126 publicum
1103 4039 1274 4126 (58),
1321 4063 1484 4107 voca
1507 4062 1732 4107 cocum
1762 4041 1835 4105 in
1856 4040 2064 4110 medio
2100 4043 2265 4129 (48),
2298 4063 2499 4130 aeque
2522 4047 2734 4110 unum

607 4153 838 4223 lactem
877 4155 1166 4223 biberunt
1195 4158 1362 4244 (71),
1415 4157 1652 4226 suadeo
1683 4179 1814 4224 non
1834 4159 2124 4246 patiaris
2160 4159 2283 4244 (74
2328 4159 2465 4246 75),
2495 4161 2735 4227 nemim·
