3500 5042
697 431 770 487 22

767 566 1086 624 cnuniarum
1126 562 1261 636 (44).
1299 561 1524 618 Caunia
1562 568 1655 618 est
1690 559 1842 616 ficus
1868 575 1943 615 ex
1968 559 2185 631 Cauna,
2214 558 2421 617 Cariae
2459 560 2689 634 oppido,
2730 561 2823 617 al-

696 663 820 719 lata
854 663 1121 718 Romam.
1159 660 1336 734 Apud
1361 658 1587 715 Colum.
1613 673 1653 713 x
1676 656 1809 713 414:
1835 678 1870 712 «
1895 663 1957 714 et
1993 657 2197 714 calmis
2221 659 2455 715 aemula
2490 658 2671 716 Chiis.
2690 677 2728 713 ›

768 813 1100 873 chiramaxio
1142 811 1278 885 (28).
1313 809 1782 866 Chiramaxium:
1820 827 2013 882 genus
2069 809 2286 866 modici
2338 809 2597 882 plaustri
2648 809 2826 864 unius

694 910 951 996 hominis
987 915 1222 966 tantum
1259 919 1463 981 capax,
1503 908 1748 966 solitum
1784 927 1821 964 a
1856 909 2048 965 servis
2085 908 2245 964 trahi
2290 907 2553 984 (GLOSs.)
2602 907 2827 970 Graeca

697 1027 838 1067 Vox:
878 1010 1243 1083 χειραμὰξιον.

767 1161 1063 1218 choraulen
1102 1159 1238 1233 (53).
1276 1159 1566 1216 Choraule
1603 1177 1713 1214 seu
1751 1159 2033 1214 choraula
2070 1176 2145 1215 ex
2181 1176 2374 1232 graec.
2396 1159 2695 1233 χοραύλης,
2733 1164 2829 1215 est

697 1258 801 1332 qui
837 1258 912 1313 ad
949 1258 1112 1313 chori
1146 1263 1386 1313 cantum
1421 1257 1570 1312 tibia
1605 1262 1796 1312 sonat.
1842 1258 2167 1312 Abundant
2186 1252 2461 1329 'exempla
2491 1255 2650 1330 apud
2672 1257 2828 1312 Mar-

687 1356 824 1412 'tiaL
860 1355 1094 1428 Apulei.
1131 1354 1478 1426 mediaeque
1516 1353 1833 1409 latinitatis
1874 1354 2215 1426 script-ores
2422 1349 2427 1352 ’

769 1506 962 1564 cicaro
984 1505 1252 1579 (46).Hic
1270 1508 1453 1562 cicero
1476 1522 1586 1577 ego
1623 1504 1878 1576 restitui,
1915 1505 1977 1560 id
2012 1509 2106 1560 est
2148 1506 2319 1561 cicer.
2356 1504 2427 1560 In
2466 1505 2703 1560 constit.
2719 1523 2827 1577 pro

701 1604 900 1660 abbat.
936 1604 992 1659 S.
1029 1603 1200 1658 Pauli
1225 1603 1481 1660 Narbon.
1507 1620 1560 1658 a.
1605 1602 1761 1673 1127,
1790 1618 1852 1659 v1
1895 1603 2003 1658 col.
2042 1604 2113 1658 33
2134 1603 2383 1675 legitur:
2411 1621 2446 1657 ‹
2470 1602 2543 1662 in,
2557 1601 2828 1658 omnibus
2891 1586 2906 1605 ⁴

702 1703 930 1774 quartis
986 1701 1151 1758 feriis
1187 1702 1384 1775 pisces
1421 1702 1520 1758 vel
1558 1701 1857 1758 cicerones
1897 1719 2032 1757 cum
2067 1700 2254 1757 lardo.
2291 1719 2327 1754 »
2368 1701 2462 1757 Ab
2512 1701 2627 1756 hac
2681 1718 2828 1758 voce

637 1805 643 1812 '
699 1801 829 1858 ital.
864 1803 1072 1872 occino,
1111 1800 1278 1856 sicul.
1315 1801 1635 1868 cicireddu,
1677 1798 1748 1855 de
1785 1816 1971 1871 puero
1994 1798 2209 1855 scituio
2248 1798 2537 1856 delicatas
2576 1798 2829 1872 appella·

700 1899 894 1954 tiones
932 1898 1137 1972 opinor
1176 1897 1497 1956 derivatas.

754 2051 993 2121 cinniilo
1031 2049 1168 2123 (67).
1207 2048 1553 2120 Cingillum:
1593 2067 1712 2106 vox
1746 2048 1981 2122 plebeia,
2018 2068 2054 2103 a
2079 2049 2386 2122 cingendo
2438 2049 2747 2106 Invenitur
2769 2055 2831 2106 et

701 2147 765 2203 in
801 2147 1032 2204 Glossis
1069 2146 1253 2202 Tullii
1289 2147 1556 2238 Tyronis
1593 2165 1650 2219 p.
1691 2147 1777 2203 58.
1814 2146 1911 2202 Ita
1948 2148 2131 2203 etiam
2166 2167 2202 2204 α
2236 2146 2554 2205 vascillum
2590 2166 2625 2202 »
2674 2147 2832 2220 apud

705 2245 1075 2303 Macrobium
1108 2263 1217 2318 pro
1251 2263 1435 2317 parvo
1471 2262 1638 2302 vase.

774 2401 1038 2458 circitare
1083 2397 1218 2471 (53).
1240 2396 1517 2475 Circitor:
1558 2401 1766 2453 custos
1820 2396 2158 2453 fundorum.
2193 2397 2507 2454 Invenitur
2553 2397 2733 2453 etiam
2770 2397 2834 2453 in

705 2495 992 2570 PriapeiS,
1029 2511 1180 2552 xv11:
1208 2516 1243 2550 z
1263 2495 1419 2562 Quid
1454 2514 1688 2552 mecum
1723 2495 1849 2568 tibi,
1890 2493 2126 2552 circitor
2162 2495 2452 2552 moleste?
2478 2515 2514 2550 x·

778 2649 1225 2707 circumminxero
1266 2647 1402 2720 (57).
1422 2648 1477 2701 A
1503 2647 1726 2702 circum
1764 2653 1827 2702 et
1861 2648 2081 2719 mingo.
2107 2649 2356 2704 Veteres
2382 2667 2522 2706 vero
2550 2667 2665 2704 non
2693 2649 2835 2703 min-

713 2763 856 2818 gere
895 2746 1013 2800 imo
1051 2745 1267 2801 meiere
1307 2744 1529 2800 dixisse
1567 2750 1827 2816 constat;
1868 2745 1974 2801 sed
2009 2745 2095 2800 ita
2130 2763 2268 2801 rure
2305 2746 2538 2801 locutos
2565 2746 2836 2825 equidem

709 2849 876 2917 puto.

779 2968 1003 3024 Clibano
1045 2967 1184 3040 (35).
1222 2966 1528 3022 Clibanus:
1569 2967 1785 3022 furnus
1822 2966 2059 3023 mobilis
2094 2967 2388 3039 placentis
2428 2974 2490 3023 et
2524 2968 2697 3040 panis
2745 2987 2837 3024 co·

708 3064 959 3137 quendis
996 3070 1189 3136 athS‚
1230 3065 1380 3120 alias
1402 3084 1436 3119 a
1466 3071 1626 3119 testa
1654 3063 1832 3136 ferro,
1854 3065 1951 3121 vel
1972 3082 2107 3120 aere
2126 3065 2307 3122 fiebat
2330 3064 2587 3139 (GLoss.)
2612 3064 2840 3122 Graeca

707 3177 854 3217 vox:
893 3161 1168 3232 κλίβανος.
1201 3162 1379 3234 Apud
1413 3164 1566 3219 Plin.
1603 3169 1759 3220 xv111
1796 3163 1893 3218 11:
1922 3182 1956 3218 «
1980 3164 2174 3220 Panes
2216 3165 2501 3235 furnacei,
2548 3165 2646 3220 vel
2682 3171 2839 3219 arto-

707 3259 892 3332 pticii,
913 3259 1013 3315 vel
1036 3258 1098 3313 in
1125 3259 1373 3314 clibanis
1401 3261 1582 3324 cocti.
1601 3279 1636 3314 »
1661 3261 1862 3316 Etiam
1888 3261 2190 3318 invenitur
2208 3260 2369 3332 apud
2387 3261 2691 3318 Columell.
2712 3277 2753 3318 v
2772 3263 2841 3317 10

707 3355 963 3429 passim3
1008 3356 1162 3428 apud
1199 3357 1352 3414 Cels.
1393 3373 1444 3411 11
1479 3358 1572 3429 173
1611 3358 1770 3430 apud
1806 3358 2221 3430 Sulpic.Sev.1
2259 3359 2343 3414 18.

785 3509 1092 3579 coaequale
1131 3508 1303 3581 (136).
1341 3507 1720 3582 Coaequalis:
1757 3528 1877 3568 vox
1913 3510 2111 3566 infime
2148 3509 2487 3582 latinitatis,
2518 3528 2669 3583 quae
2703 3515 2841 3582 post

712 3603 978 3675 Augusti
1015 3610 1297 3678 tempora,
1335 3612 1407 3662 ut
1440 3608 1645 3679 plures
1670 3607 1839 3679 aliae,
1865 3608 2124 3681 irrepsit.
2141 3608 2454 3666 Invenitur
2479 3609 2657 3665 etiam
2682 3608 2842 3680 apud

715 3700 1024 3759 Columell.
1062 3719 1174 3760 vm
1213 3703 1298 3775 15,
1337 3709 1399 3762 et
1433 3705 1647 3761 Iustin.
1667 3721 1823 3760 xxm
1858 3707 1948 3764 49.

784 3851 1054 3912 coctores
1091 3855 1229 3928 (95).
1248 3853 1487 3912 Coctor:
1526 3856 1628 3929 qui
1665 3857 1883 3930 coquit.
1919 3857 1993 3940 In
2044 3864 2167 3914 not.
2206 3857 2403 3915 Tiron.
2441 3877 2500 3930 p.
2520 3858 2651 3914 167:
2692 3877 2727 3913 ‹
2753 3878 2845 3915 co-

716 3949 838 4006 ctio
862 3969 899 4005 >
925 3957 986 4006 et
1011 3971 1045 4005 ‹
1063 3959 1288 4009 coctor.
1314 3973 1349 4008 2>

785 4074 1037 4146 colaepio
1067 4076 1201 4150 (70).
1239 4076 1600 4151 Golaepium:
1636 4097 1855 4152 graeca
1876 4098 2025 4136 vox:
2063 4081 2337 4156 κωλήπια,
2365 4087 2461 4139 est
2483 4082 2703 4140 femur:
2731 4100 2845 4155 quo

712 4172 843 4230 cibo
878 4175 1204 4232 utebantur
1241 4175 1546 4252 (coliphio)
1584 4178 1848 4236 athletae
1874 4179 1949 4235 ad
1983 4177 2145 4237 vires
2182 4179 2548 4238 reficiendas.
