3500 5042
731 341 804 398 32

730 472 890 528 idem
924 478 1156 546 putant,
1195 473 1351 544 quod
1387 473 1464 528 ad
1500 473 1817 544 augustias
1855 474 2151 546 redactus,
2186 474 2411 532 nostris
2447 472 2621 532 ‘matet
2659 495 2693 530 »
2731 476 2852 536 Gfr.

730 571 817 626 Le
850 570 1084 628 Roman
1101 570 1174 627 de
1210 572 1272 626 la
1308 589 1468 628 rose:
1497 592 1530 626 «
1554 572 1841 628 Honteux
1868 579 1930 628 et
1952 579 2095 644 mat,
2124 572 2177 628 si
2200 591 2294 630 me
2317 591 2543 646 repens.
2568 592 2602 628 »
2626 574 2719 630 Ex
2734 592 2851 647 quo

645 665 650 670 ’
731 674 958 726 mattus
992 669 1149 726 forte
1185 668 1314 725 ital.
1349 674 1536 728 macto
1576 687 1608 726 e
1643 674 1942 727 mattana.

805 822 1057 879 maxillae
1095 820 1232 893 144).
1268 820 1520 877 Maxilla
1547 826 1641 876 est
1665 839 1838 892 gena.
1864 819 2040 893 Apud
2062 820 2209 878 Plin.
2237 837 2302 878 xl
2327 821 2397 876 37
2418 823 2547 878 602«
2578 822 2859 879 Maxillas

734 919 1070 976 crocodilus
1120 925 1354 974 tantum
1391 919 1729 990 superiores
1766 925 1984 990 movet,
2023 939 2058 974 »
2096 927 2157 974 et
2193 920 2457 992 passim;
2490 921 2647 992 apud
2696 922 2859 979 Suet.

731 1016 859 1073 Tib.
897 1033 1028 1073 xxi:
1066 1036 1101 1070 ‹
1137 1024 1264 1072 tam
1298 1016 1480 1072 lentis
1513 1017 1787 1072 'maxillis
1828 1017 1958 1072 erit.
1995 1037 2031 1071 »
2067 1017 2186 1073 Ofr.
2223 1017 2351 1082 ital.
2376 1021 2675 1087 mascella,
2714 1020 2857 1090 gall.

731 1117 892 1172 arch.
927 1117 1200 1173 masselle
1237 1120 1298 1170 et
1332 1116 1612 1171 maiselle.
1654 1114 1750 1185 (In
1774 1115 2007 1170 Roman
2032 1115 2103 1171 de
2143 1117 2203 1171 la
2227 1133 2442 1188 guerre
2488 1116 2560 1172 de
2603 1117 2850 1189 'Pi-oyes:

729 1233 765 1268 <
802 1213 874 1271 de
913 1232 1021 1271 son
1056 1213 1214 1269 frere
1253 1213 1370 1270 sait
1406 1213 1466 1268 la
1499 1215 1780 1270 nouvelle
1814 1232 1924 1287 por
1960 1233 2027 1270 ce
2066 1233 2132 1270 se
2168 1215 2369 1271 moille
2418 1233 2488 1271 sa
2530 1217 2855 1290 messene),

803 1367 1006 1424 [deniae
1047 1365 1181 1438 (58).
1218 1367 1482 1422 Naenias
1519 1382 1656 1420 cum
1693 1363 1993 1421 Scheffero
2021 1371 2081 1422 et
2104 1365 2355 1424 Heinsio
2381 1367 2653 1424 restituo.
2693 1369 2857 1434 Quae

730 1482 850 1522 vox
885 1464 1092 1520 eadem
1129 1465 1560 1521 contumeliosa
1579 1464 2016 1536 significatione
2044 1482 2220 1537 saepe
2250 1464 2509 1521 occurrit
2546 1465 2608 1520 in
2636 1465 2855 1538 satiriS,

727 1568 798 1619 ut
835 1559 960 1634 cap.
995 1562 1094 1617 46:
1131 1581 1167 1615 «
1201 1562 1432 1618 invenit
1468 1568 1670 1620 tamen
1705 1563 1856 1618 alias
1881 1563 2144 1632 naenias²
2180 1571 2218 1616 '»
2256 1570 2317 1618 et
2356 1582 2479 1636 cap.
2501 1564 2603 1619 47:
2643 1583 2679 1619 «
2714 1564 2853 1636 gal-

727 1661 854 1716 lum
890 1660 1048 1716 enim
1081 1660 1496 1732 gallinaceum,
1533 1661 1913 1735 penthiacum
1954 1666 2017 1717 et
2052 1659 2345 1717 eiusmodi
2380 1661 2626 1717 naenias
2646 1661 2860 1718 rustici

731 1757 976 1816 faciunt.
1013 1777 1050 1814 »
1083 1759 1292 1832 Nugas
1328 1758 1631 1832 intellego.

804 1912 1066 1969 methodio
1107 1911 1241 1984 (36).
1291 1909 1678 1981 Methodium‚
1713 1928 1930 1982 graeca
1964 1928 2112 1968 vox:
2152 1911 2421 1984 μεθόδιον,
2459 1909 2613 1967 idem
2655 1928 2725 1966 ac
2762 1911 2857 1966 lu-

731 2009 988 2065 dificatio
1016 2026 1030 2064 :
1089 2007 1328 2065 videtur
1387 2027 1578 2080 genus
1640 2009 1937 2082 quoddam
2004 2008 2425 2064 ludificationis
2487 2009 2549 2063 in
2609 2008 2848 2088 theatro

731 2106 939 2178 fuisse,
958 2106 1118 2180 quod
1131 2106 1243 2162 sub
1265 2106 1503 2162 fabulae
1528 2107 1707 2162 finem
1725 2107 1801 2162 ad
1827 2106 2211 2163 oblectandos
2232 2111 2599 2179 spectatores
2620 2105 2859 2162 adhibe-

733 2206 929 2263 batur.
984 2204 1080 2261 Sic
1116 2205 1274 2280 apud
1311 2204 1473 2262 Suet.
1510 2225 1546 2260 α
1583 2205 1862 2262 exodium
1894 2225 1930 2259 >
1966 2206 2073 2277 pr'o
2122 2204 2530 2261 ludificatione
2570 2202 2853 2268 theatrali

731 2305 1050 2363 invenitur.
1085 2305 1166 2360 Et
1198 2304 1278 2359 in
1295 2304 1457 2361 notis
1493 2303 1707 2378 Tyron.
1744 2322 1801 2377 p.
1842 2303 1946 2360 173
1968 2323 2004 2359 «
2028 2281 2331 2359 methodis
2354 2322 2390 2356 >
2422 2302 2580 2359 inter
2602 2301 2733 2358 ludi
2756 2319 2855 2373 ge-

733 2422 879 2461 nera
913 2410 1314 2461 recensentur.

807 2559 1068 2616 Micarlus
1109 2556 1248 2630 (73).
1289 2557 1344 2611 A
1379 2555 1558 2611 mica:
1596 2553 1700 2627 qui
1735 2553 1921 2609 micas
1946 2551 2234 2610 avaritiae
2259 2569 2473 2608 caussa
2497 2551 2727 2624 colligit
2750 2552 2848 2609 vel

731 2657 809 2714 iis
844 2657 1016 2715 vivit.
1072 2675 1108 2711 ‹<
1141 2654 1326 2712 Fidus
1361 2660 1648 2725 tanquam
1683 2653 1926 2725 quicum
1964 2651 2147 2707 etiam
2181 2650 2245 2706 in
2281 2650 2547 2706 tenebris
2599 2649 2784 2706 mices
2820 2668 2857 2704 >

731 2755 1098 2813 Buechelero
1133 2753 1390 2811 videtur.
1436 2752 1614 2808 Hunc
1661 2756 1863 2836 tamen
1909 2749 2139 2807 exitum
2192 2766 2499 2821 nunquam
2554 2746 2858 2805 derivato-

735 2871 870 2911 rum
905 2873 942 2911 a
975 2853 1178 2912 verbis
1232 2853 1351 2909 imo
1389 2870 1426 2908 a
1471 2849 1869 2908 substantivis
1918 2846 2348 2920 adiectivisque
2384 2863 2519 2903 esse
2554 2851 2761 2902 nostra
2796 2845 2860 2902 in

735 2952 1149 3010 dissertatione
1184 2950 1539 3009 videbimus.
1573 2954 1645 3006 ut
1681 2967 1718 3005 a
1753 2965 1928 3004 cruce
1966 2945 2306 3016 cruciarius,
2344 2963 2381 3000 a
2416 2943 2514 3001 die
2550 2943 2859 3046 diarius‚a

737 3052 976 3108 oraculo
1010 3049 1401 3122 oraculas-ius,
1436 3047 1524 3104 ita
1559 3066 1598 3105 a
1631 3045 1790 3104 mica
1822 3044 2127 3103 micariuS.

807 3204 1086 3264 utnutalia
1121 3203 1259 3278 (47).
1293 3202 1416 3260 Res
1452 3201 1704 3260 frivolae
1742 3206 1805 3256 et
1840 3199 2065 3256 inanes.
2102 3195 2302 3254 Etiam
2344 3194 2649 3252 invenitur
2693 3195 2853 3270 apud

737 3301 1190 3375 Tertullianum,
1229 3301 1302 3358 de
1336 3301 1522 3357 habit.
1560 3300 1702 3356 mul.
1738 3313 1765 3353 1
1798 3299 1863 3354 6:
1902 3317 1937 3351 ‹
1974 3301 2035 3352 et
2059 3295 2321 3352 calculos
2367 3293 2635 3351 eiusdem
2663 3299 2857 3351 terrae

735 3402 1047 3473 minutalia
1082 3422 1118 3457 »
1155 3407 1216 3459 et
1253 3400 1412 3474 apud
1447 3389 1791 3470 Hierony-m.
1827 3413 2049 3469 proem.
2086 3393 2261 3467 epist.
2287 3391 2364 3449 ad
2386 3392 2598 3465 Ephes.
2628 3412 2664 3448 «
2689 3397 2858 3448 taceo

739 3502 813 3560 de
851 3501 1066 3558 ceteris
1102 3497 1512 3556 minutalibus.
1548 3516 1585 3552 >

806 3657 1157 3715 Miscellanea
1194 3651 1332 3724 (50).
1367 3649 1550 3706 Varia
1607 3647 1943 3721 promiscue
2002 3651 2064 3701 et
2118 3642 2247 3700 sine
2304 3641 2525 3714 ordine,
2580 3645 2649 3697 ut
2703 3639 2862 3712 apud

739 3755 891 3813 Geli.
927 3773 963 3809 ‹
996 3751 1380 3809 miscellanea
1416 3754 1479 3804 et
1515 3746 1766 3804 confusa
1803 3743 2093 3802 doctrina.
2132 3761 2166 3797 »

808 3907 1002 3966 mcclx
1037 3903 1174 3979 (45).
1211 3901 1309 3959 Sic
1343 3906 1415 3957 ut
1448 3897 1740 3957 miscellio
1778 3895 1937 3970 apud
1971 3895 2220 3952 Festum
2255 3892 2431 3949 Pauli
2465 3909 2522 3964 p.
2562 3889 2667 3947 123
2701 3888 2865 3948 iride-

734 4011 838 4063 tur
871 4002 1158 4062 Antonio:
1195 3999 1496 4059 hominem
1529 3998 1816 4069 intellego
1854 3994 1957 4069 qui
1992 4011 2110 4051 non
2147 3996 2345 4048 certae
2380 3985 2731 4062 sententiae,
2758 3987 2866 4044 sed

738 4103 890 4164 varii
929 4103 1222 4177 mixtique
1255 4098 1463 4159 iudicii
1498 4103 1610 4156 est.
