3500 5042
725 373 797 432 34

797 508 1044 566 ”mrem
1084 500 1222 579 (92).
1257 503 1448 560 Notor
1482 500 1586 574 qui
1619 460 1895 561 notitiam
1930 499 2019 556 rei
2054 503 2161 554 aut
2196 496 2492 570 fortunae,
2514 493 2844 554 velut‘ocu·
2922 474 2925 478 ⁴

675 635 678 642 ·
724 605 891 682 latus
911 601 1107 676 testis,
1140 599 1455 676 profitetur
1491 598 1773 673 (Ortona).
1791 597 1991 654 Etiam
2012 594 2317 655 invenitur
2351 593 2509 669 apud
2544 593 2845 652 Senecam:

724 722 763 760 ‹
785 701 890 778 qui
922 707 1194 760 notorem
1229 698 1349 772 dat,
1383 697 1630 771 ignotus
1667 701 1781 798 est.
1799 714 1835 751 »

1730 979 1834 1029 0

797 1167 1127 1236 Occuponem
1169 1162 1304 1238 (58).
1323 1162 1561 1236 occupo
1586 1160 1783 1217 dictus
1803 1164 1897 1217 est
1920 1158 1995 1217 de
2017 1157 2313 1216 Mercurio
2334 1157 2485 1229 fure,
2512 1155 2615 1230 qui
2636 1154 2766 1214 foro
2786 1160 2849 1212 et

727 1261 1106 1322 mercimonio
1140 1266 1397 1337 praeest.
1433 1260 1622 1317 Recte
1655 1257 2019 1316 Mercurium
2041 1257 2415 1330 Occuponem
2448 1253 2650 1312 vocari
2670 1258 2849 1328 putat

731 1360 948 1435 aliquis
984 1360 1059 1416 ab
1094 1358 1464 1431 Hermerote,
1511 1355 1615 1432 qui
1661 1354 1953 1429 religione
2005 1352 2359 1432 absterritus
2412 1371 2534 1410 non
2588 1351 2847 1409 audebat

725 1457 923 1516 furem
959 1457 1170 1530 dicere,
1209 1455 1317 1516 sed
1350 1452 1606 1514 molliori
1641 1452 2039 1528 appellatione
2084 1450 2325 1512 invocat
2378 1467 2738 1526 occuponem
2772 1449 2847 1506 ab

729 1555 1092 1631 occupando.

800 1711 1107 1780 ocflopetam
1147 1705 1284 1781 (35).
1319 1705 1587 1762 Adnotat
1620 1702 1973 1760 Buecheler:
2014 1721 2050 1757 ‹
2073 1707 2135 1759 et
2158 1706 2297 1774 apte
2332 1701 2573 1776 quidem
2594 1700 2849 1759 vocabu·

727 1808 854 1865 lum
903 1807 977 1863 ab
1020 1805 1210 1864 oculis
1254 1810 1318 1863 et
1357 1802 1614 1878 petendo
1651 1801 1973 1858 deductum
2007 1799 2251 1858 videtur
2287 1800 2600 1872 sagittario
2638 1817 2847 1857 conve·

727 1905 878 1977 nire,
918 1903 1036 1961 etsi
1073 1901 1270 1959 cibum
1304 1919 1480 1975 quem
1515 1898 1665 1957 illud
1701 1897 1999 1972 significet
2033 1897 2395 1972 ignoramus·
2414 1915 2450 1952 ι»
2486 1897 2849 1955 Venetorum

728 2002 1004 2074 intelligo
1039 2000 1338 2077 praedam.

801 2155 1006 2214 odaria
1045 2151 1184 2227 (53).
1220 2150 1450 2207 Graeca
1483 2165 1631 2207 vox:
1670 2147 1894 2223 ᾠδάρια,
1918 2147 1982 2204 id
2010 2153 2105 2204 est
2130 2147 2453 2221 cantilena3
2477 2148 2711 2205 nullum
2732 2146 2851 2205 nisi

727 2249 998 2309 Petronii
1034 2253 1236 2306 exstat
1272 2246 1630 2320 exemplum.

801 2405 945 2464 offla
985 2401 1120 2476 (56).
1157 2401 1275 2457 Pro
1314 2396 1523 2456 offula:
1561 2396 1722 2455 idem
1758 2415 1829 2454 ac
1870 2397 2133 2455 frustum
2184 2398 2397 2471 carnis,
2437 2398 2634 2458 osella.
2673 2401 2851 2475 Apud

735 2501 902 2560 Varr-
945 2500 1013 2558 L.
1047 2501 1118 2557 L.
1153 2514 1217 2556 1v
1249 2499 1346 2555 22:
1372 2518 1408 2553 α
1427 2495 1614 2554 offula
1649 2496 1826 2568 dicta,
1860 2502 1933 2553 ut
1968 2495 2088 2554 offa
2120 2496 2366 2554 minima
2400 2496 2465 2554 in
2488 2515 2596 2555 sue
2609 2518 2660 2569 r,
2695 2498 2854 2572 apud

733 2600 898 2658 Suet.
933 2597 1140 2656 Claud.
1175 2613 1281 2654 xn:
1316 2615 1355 2652 <
1379 2596 1513 2670 quis
1549 2600 1750 2668 potest
1788 2594 1971 2652 offula
2002 2596 2205 2655 vivere
2223 2595 2251 2652 Ρ
2273 2615 2310 2651 >
2334 2595 2600 2670 aliosque
2624 2595 2851 2654 mediae

731 2696 1056 2768 latinitatis
1083 2695 1422 2770 scriptores.
1457 2693 1592 2760 Qua
1621 2711 1769 2752 voce
1796 2694 2113 2752 Petronius
2135 2695 2427 2752 translate
2452 2695 2551 2752 hic
2574 2712 2727 2753 usus
2753 2701 2851 2752 est

803 2851 1032 2910 ullorum
1083 2848 1222 2923 (43).
1263 2845 1825 2921 Interpretationem
1867 2846 2052 2904 Orelli
2090 2865 2149 2921 p.
2191 2847 2227 2902 5
2268 2847 2310 2904 a
2346 2849 2409 2905 la
2454 2849 2541 2920 fin
2587 2850 2691 2905 des
2738 2847 2855 2920 fins

737 2946 1135 3020 comparantis
1174 2952 1236 3004 et
1269 2945 1492 3004 Wehlii
1525 2963 1583 3020 p.
1621 2946 1692 3002 16
1725 2948 2041 3003 olimorum
2073 2945 2457 3019 proponentis
2481 2963 2725 3019 prorsus
2751 2963 2855 3002 ac-

733 3044 906 3118 cipie.
939 3043 1121 3102 Haud
1154 3043 1507 3116 necessario,
1529 3048 1602 3100 ut
1636 3043 2001 3100 Buechelero
2024 3043 2279 3116 videtur,
2316 3044 2672 3102 vocabulum
2707 3043 2856 3100 illud

732 3142 1034 3199 hominem
1067 3141 1451 3198 libidinosum
1485 3140 1824 3214 denotabat,
1862 3141 2057 3198 adfine
2094 3142 2423 3214 salacitati;
2462 3160 2673 3200 sensus
2699 3142 2856 3200 enim

731 3241 887 3299 nitet
922 3241 1010 3297 ita
1043 3239 1408 3314 perlucidus:
1445 3257 1729 3298 noveram
1764 3239 2064 3297 hominem
2100 3240 2315 3297 abhinc
2350 3240 2555 3298 multis
2582 3240 2769 3315 annis,
2798 3247 2859 3298 et

733 3338 952 3412 adhuc,
984 3339 1101 3396 etsi
1136 3324 1448 3396 senectute
1485 3338 1811 3412 confectus,
1850 3339 2019 3396 salax
2056 3344 2204 3396 erat.
2238 3337 2360 3399 Ost.
2394 3339 2577 3397 etiam
2612 3339 2763 3400 ital..
2794 3341 2860 3398 al

736 3442 930 3510 tempo
965 3439 1055 3498 de’
1096 3440 1292 3509 tempi.
1337 3425 1344 3432 ’

806 3580 1158 3640 oracularios
1196 3579 1336 3653 (43).
1371 3579 1752 3638 Oracularius
1790 3585 1884 3638 est
1920 3581 2291 3638 consiliator:
2338 3580 2733 3640 auricularius
2774 3581 2861 3639 in-

733 3676 974 3735 venitur
1021 3681 1174 3750 apud
1219 3677 1514 3736 Lambert.
1569 3678 2000 3753 Schai'naburg.
2050 3681 2217 3737 1076:
2252 3699 2291 3736 <
2333 3698 2408 3738 ex
2442 3681 2537 3738 his
2586 3681 2700 3738 sibi
2747 3699 2859 3738 au-

729 3773 1042 3833 ricularios
1077 3795 1114 3834 a
1159 3776 1423 3848 secretis,
1448 3795 1485 3831 »
1519 3777 1835 3852 plerosque
1872 3778 2022 3836 alios
2056 3778 2295 3837 infimae
2318 3779 2640 3838 latinitatis
2666 3780 2859 3855 scrip-

730 3876 910 3930 tores.
939 3873 1057 3932 Gst.
1092 3874 1391 3948 Ducangii
1427 3875 1622 3934 Gloss.
1661 3877 1817 3934 med.
1854 3882 1915 3935 et
1950 3877 2135 3934 infim.
2169 3877 2455 3938 latinitat.

805 4017 1072 4076 ssoeucula
1108 4015 1228 4093 (65)
1267 4016 1436 4074 Idem
1471 4035 1542 4074 ac
1577 4018 1861 4076 ossicula:
1904 4021 2264 4093 ossuculum‚
2294 4038 2547 4094 parvum
2572 4038 2659 4080 os.
2686 4022 2865 4096 Apud

734 4110 887 4171 Plin.
905 4129 972 4170 11
988 4114 1060 4171 37
1077 4114 1174 4172 49:
1196 4134 1235 4172 α
1250 4115 1459 4174 insunt
1483 4115 1745 4176 ossicula
1760 4136 1962 4193 parva,
1988 4138 2025 4174 >
2049 4118 2207 4192 apud
2244 4119 2396 4180 Gell.
2414 4120 2555 4179 nl:
2581 4139 2618 4176 c
2638 4121 2861 4178 tenuis-
