3500 5042
675 427 746 485 36

675 563 769 616 est
804 564 868 617 et
901 556 1048 616 mihi
1084 557 1155 614 de
1192 559 1343 615 bove
1380 557 1702 614 Pentheus.
1726 574 1763 611 »
1786 556 1954 614 Idem
1990 573 2059 612 ac
2096 556 2293 627 gallus
2330 555 2696 628 gallinaceus
2732 555 2795 610 in

671 657 911 730 frustra,
951 655 1242 748 quomodo
1277 656 1580 718 Pentheus
1620 655 1761 712 olim
1798 653 2137 726 a‘BacchiS,
2175 654 2489 710 laceratus·

743 811 1122 866 Perhasiamus
1162 808 1278 881 (41)
1302 807 1600 878 Perbasio‚
1627 806 1690 861 id
1715 812 1812 863 est
1833 805 2008 862 valde
2035 806 2287 862 osculor.
2312 805 2559 861 Nullum
2596 809 2797 872 exstaa

671 905 789 963 nisi
805 904 1072 962 Petronii
1089 905 1440 978 exemplum.
1461 905 1557 961 Sic
1579 925 1612 959 ‹<
1629 905 2042 978 perosculatur
2062 922 2097 959 a>
2115 903 2273 976 apud
2287 902 2542 960 Martial.
2557 917 2686 974 vm,
2705 902 2797 964 81.

738 1061 1162 1128 Pereoiouahant
1188 1057 1304 1131 (44)
1329 1058 1717 1130 Percolopare
1743 1076 1779 1112 a
1808 1055 2053 1128 colapho
2079 1055 2415 1112 derivatum
2440 1071 2573 1111 esse
2594 1053 2795 1112 Schef-
2850 1068 2860 1080 ’

670 1154 836 1212 ferus
873 1155 1049 1213 vidit:
1089 1155 1152 1211 id
1187 1160 1281 1213 est
1315 1155 1660 1236 frequenter
1696 1153 1961 1226 colaphis
1998 1159 2326 1226 percutere.

749 1309 1128 1366 Perfunotorie
1167 1308 1286 1381 (11)
1305 1305 1617 1379 Languide
1656 1312 1716 1362 et
1753 1305 2095 1361 oscitanter.
2120 1304 2299 1376 Apud
2330 1303 2636 1377 Papinian.
2658 1305 2797 1376 Dig.

671 1421 822 1468 xxlx
861 1407 895 1459 5
929 1404 1026 1460 21:
1081 1425 1117 1460 <
1158 1404 1260 1476 qui
1292 1423 1412 1461 non
1446 1404 1846 1478 perfunctorie
1898 1402 2164 1460 debitum
2211 1401 2467 1459 officium
2514 1403 2796 1476 impleve-

667 1495 819 1559 rant.
839 1521 872 1556 »
891 1504 1089 1559 Etiam
1123 1503 1424 1560 invenitur
1460 1502 1618 1576 apud
1653 1501 1935 1575 Egesipp.
1972 1518 1997 1558 1
2034 1502 2129 1556 17:
2165 1521 2201 1556 <
2226 1519 2345 1559 non
2386 1499 2799 1574 perfunctorie

667 1601 867 1672 itaque
905 1601 969 1656 in
1003 1601 1134 1674 ipso
1169 1601 1410 1674 praelio,
1451 1621 1487 1655 >
1523 1601 1682 1673 apud
1706 1600 1977 1658 Vincent.
2002 1596 2295 1656 Lirinens.
2332 1619 2369 1654 4<
2391 1598 2791 1672 perfunctorie

669 1705 1026 1771 prosecutus
1064 1704 1174 1755 est.
1227 1719 1263 1753 >
2780 1697 2784 1702 ’

742 1851 1067 1908 peristasim
1110 1850 1230 1923 (48)
1253 1849 1574 1906 Peristasis
1601 1855 1694 1907 est
1719 1848 1877 1922 quod
1914 1849 2275 1920 circumstat,
2312 1841 2659 1919 argumenti
2684 1847 2789 1902 cir-

663 1947 1045 2004 cumstantia:
1084 1949 1402 2022 περίστασις.
1445 1949 1690 2004 Nullum
1725 1947 1843 2003 nisi
1879 1947 2145 2004 Petronii
2182 1950 2382 2004 exstat
2419 1946 2771 2018 exemplum.

739 2101 1169 2159 petauristarios
1200 2100 1317 2174 (47)
1341 2099 1813 2156 Petauristarius
1837 2098 1995 2154 idem
2030 2117 2101 2154 ac
2136 2075 2469 2170 petaurista
2503 2096 2695 2154 fertur
2727 2096 2790 2152 in

665 2202 790 2252 not.
818 2195 866 2252 T
867 2199 935 2253 ir.
972 2217 1029 2270 p.
1067 2198 1188 2268 173,
1226 2197 1477 2270 aliisque
1514 2198 1742 2254 mediae
1779 2197 2097 2253 latinitatis
2124 2195 2421 2270 operibus·

739 2350 1032 2408 Pharmace
1070 2349 1220 2422 (107)
1248 2350 1614 2406 Pharmacus
1641 2354 1735 2404 est
1760 2348 2076 2419 veneficuS,
2104 2347 2451 2419 sacrilegus,
2476 2346 2789 2418 scelestuS,

665 2449 735 2499 ut
769 2443 833 2500 in
869 2447 1109 2516 glossis.
1147 2441 1266 2502 Cfr.
1301 2446 1536 2518 Apulei.
1573 2461 1650 2517 lx,
1687 2445 1987 2501 Heliodor.
2025 2460 2137 2502 vm
2174 2450 2234 2500 et
2268 2443 2511 2517 passim.

732 2598 966 2654 Phialam
997 2597 1115 2669 (51)
1140 2597 1350 2653 Phiala
1378 2602 1470 2654 est
1487 2597 1685 2671 poculi
1704 2597 1922 2668 genus:
1944 2614 2157 2669 graece
2174 2596 2366 2670 φιάλη.
2384 2595 2561 2668 Apud
2578 2594 2786 2652 Iuven.

661 2707 701 2747 v
746 2693 849 2748 37:
895 2699 1113 2750 «tenet
1155 2696 1405 2767 phialaS,
1444 2714 1478 2750 »
1521 2696 1680 2767 apud
1715 2695 1972 2750 Martial.
1998 2709 2109 2751 vm
2149 2694 2243 2750 51:
2285 2713 2321 2748 «
2344 2694 2478 2766 quis
2519 2694 2688 2749 labor
2726 2691 2790 2746 in

658 2789 874 2862 phiala,
903 2810 938 2845 »
965 2793 1122 2865 apud
1145 2793 1297 2850 Plin.
1337 2808 1534 2851 xxxm
1573 2794 1641 2848 12
1679 2793 1782 2857 55:
1820 2813 1856 2848 «
1879 2793 1942 2848 in
1977 2793 2214 2864 phialae
2251 2792 2603 2849 emblemate
2627 2810 2681 2848 ι».

729 2927 1133 3001 pietaticultrix
1170 2945 1288 3019 (55)
1313 2945 1425 3001 Est
1452 2944 1672 3001 cultrix
1707 2944 1969 3017 pietatis·
1990 2941 2085 3000 Sic
2112 2962 2244 3000 esse
2268 2943 2590 3016 legendum
2612 2948 2783 3017 patet

659 3038 818 3111 apud
875 3040 1206 3098 cassiodor.
1252 3059 1304 3098 11
1349 3042 1418 3098 14
1468 3043 1626 3115 apud
1680 3043 1909 3099 Aelian.
1965 3042 2107 3099 hist.
2165 3043 2401 3102 animal.
2450 3057 2523 3098 111
2579 3042 2666 3113 24,
2723 3047 2785 3098 et

654 3137 897 3209 passim.
935 3139 1031 3194 Ita
1068 3139 1247 3196 etiam
1285 3140 1444 3214 apud
1477 3140 1726 3198 Phaedr.
1766 3141 2275 3212 «nemoricultrix,
2303 3158 2339 3195 »
2374 3139 2532 3214 apud
2566 3139 2783 3197 Catull.

661 3253 697 3289 «
734 3234 1093 3294 silvicultrix
1121 3255 1176 3295 ›.

727 3406 1009 3476 Piuiciaca
1046 3406 1200 3480 (140)
1238 3409 1286 3463 A
1323 3408 1578 3480 ποτίζειν,
1615 3407 1777 3479 quod.
1812 3407 2046 3480 proprie
2073 3414 2167 3464 est
2206 3426 2341 3464 cum
2366 3425 2576 3466 averso
2602 3407 2777 3465 coire.

658 3502 848 3568 Quam
883 3504 1241 3576 positionem
1275 3505 1511 3578 puellae
1548 3523 1729 3578 super
1776 3507 2245 3566 commendatam
2281 3505 2608 3563 bonitatem
2651 3524 2781 3578 pro-

657 3601 784 3673 prie
821 3600 1084 3659 sedentis
1111 3602 1402 3676 quaedam
1437 3603 1501 3659 in
1523 3604 1874 3678 pompeiano
1909 3605 2193 3678 lupanare
2217 3604 2452 3678 pictura
2472 3604 2783 3679 perspicue

654 3698 940 3755 illustrat.

721 3868 941 3925 plastas
1006 3867 1124 3942 (88)
1184 3869 1423 3926 Plastes
1484 3876 1578 3926 est
1633 3871 1991 3928 statuarius:
2035 3890 2252 3944 graeca
2307 3889 2453 3930 vox:
2500 3872 2771 3947 πλάστης;

651 3979 804 4036 quae
841 3964 1023 4020 etiam
1057 3965 1251 4024 fertur
1288 3967 1446 4040 apud
1481 3968 1691 4025 Vellei.
1745 3952 1976 4026 Patere.
2015 3985 2039 4024 1
2077 3971 2176 4027 173
2214 3990 2250 4025 «
2272 3971 2399 4028 Hoc
2448 3970 2606 4027 idem
2642 3989 2776 4029 eve·

647 4061 810 4118 nisse
829 4065 1250 4136 grammaticis,
1270 4067 1502 4139 plastis,
1519 4066 1863 4139 pictoribus,
1900 4069 2299 4142 sculptoribus
2315 4089 2367 4142 »‚
2389 4074 2451 4127 et
2488 4069 2648 4143 apud
2676 4069 2777 4127 Vi-

645 4163 909 4218 truvium
944 4161 1320 4235 Pliniumque
1354 4163 1610 4221 inveniri
1644 4161 1865 4239 potest.
