3500 5042
30 2359 34 2438 Λή
29 2239 43 2332 ’,β

724 2037 876 2104 Non
906 2036 1188 2118 eruditis
1219 2036 1544 2121 omnibus,
1589 2038 1706 2124 qui
1738 2037 1917 2103 claro
1964 2038 2232 2123 ingenio
2264 2037 2560 2104 Petronii
2604 2038 2756 2102 reli-

635 2154 830 2240 quias
885 2152 1411 2237 illustraverunt,
1466 2155 1821 2221 satirarum
1887 2176 2100 2219 sermo
2167 2173 2373 2240 aeque
2427 2153 2752 2218 mirabilis

637 2270 820 2334 visus
851 2277 968 2334 est.
994 2269 1208 2334 Alteri
1241 2267 1686 2335 barbarismos
1716 2277 1785 2333 et
1816 2269 2185 2334 idiotismos
2216 2267 2756 2353 fragmentorum}

635 2393 710 2452 ut
741 2384 988 2450 latinae
1019 2385 1432 2472 eloquentiae
1462 2406 1697 2471 parum
1728 2394 2181 2470 congruentes„
2214 2384 2756 2464 diffamaverunt;

639 2500 833 2566 alteri
879 2492 1262 2566 nitorem‘et
1307 2501 1701 2586 elegantiam
1747 2502 2174 2586 petronianae
2221 2501 2537 2566 orationis
2584 2522 2756 2566 cum-

641 2617 1128 2682 mendaverunt
1173 2618 1446 2682 summis
1492 2595 1822 2681 laudibus.¹

727 2732 1110 2800 Acerrimus
1157 2733 1470 2817 omnium,
1518 2733 1903 2798 Hadrianus
1951 2731 2259 2798 Valesius
2305 2733 2376 2798 in
2426 2709 2752 2798 dissertat.

643 2849 725 2916 de
772 2871 936 2916 cena
991 2848 1302 2915 Trimalc.
1352 2870 1521 2937 quae
1575 2850 1644 2914 in
1700 2849 2068 2937 fragmento
2122 2848 2523 2935 traguriensi
2576 2849 2756 2914 inve-

637 2966 937 3031 niuntur·
980 2974 1278 3061 monstra·
1325 2967 1661 3048 sermonis,
1707 2965 2191 3030 inconsiderate
2236 2966 2591 3048 vituperat,
2640 2990 2756 3030 nc·-

637 3090 883 3168 gatque
915 3089 1054 3146 tam
1085 3059 1422 3168 exquisito
1453 3081 1759 3166 scriptori
1792 3088 1927 3144 tam
1958 3080 2336 3145 mendosam
2366 3081 2760 3168 scripturam

639 3220 780 3262 esse
835 3196 1366 3262 adiudicandam.
1430 3196 1803 3280 Petronius,
1874 3208 1949 3261 ut
2005 3194 2113 3261 ille
2179 3197 2481 3279 affirmat,
2536 3196 2760 3262 verbis

637 3314 852 3378 utitur
882 3312 1172 3378 usitatis.
1204 3313 1298 3377 At
1327 3311 1439 3376 hic
1462 3318 1815 3378 occurrunt
1847 3320 2151 3398 portenta
2173 3311 2550 3396 verborum,
2584 3334 2752 3398 quac

639 3429 696 3494 si
743 3429 892 3515 quis
936 3428 1243 3493 Petronio
1293 3425 1586 3492 tribuere
1632 3436 1866 3515 potest,
1914 3427 2300 3493 Petronium
2347 3436 2415 3493 et
2458 3426 2752 3512 linguam

643 3542 922 3610 latinam
967 3546 1184 3609 minus
1229 3544 1438 3610 novit.

733 3659 1000 3726 Valesio
1060 3668 1304 3744 tamen,
1349 3660 1465 3746 qui
1511 3682 1711 3725 cenae
1766 3654 2029 3744 editori,
2085 3668 2161 3727 ut
2221 3659 2453 3726 iuveni
2487 3659 2760 3744 ‘ignota

639 3775 838 3840 fidem
882 3798 1013 3842 non
1060 3797 1201 3841 esse
1257 3773 1703 3845 adhibendam
1760 3773 2092 3859 censebat,
2138 3766 2411 3862 eiusque
2470 3778 2752 3860 pugnaci

643 3891 840 3975 socio,
907 3889 1318 3957 christoforo
1379 3889 1854 3976 Wagenseilio‚
1928 3891 2045 3977 qui
2100 3890 2306 3956 multo
2374 3890 2760 3955 insolentius

647 4007 903 4092 agens,⁹
930 4010 1128 4073 cenae
1187 4005 1632 4092 fragmentum
1692 3995 1901 4092 inepti
1968 4005 2251 4073 alicuius
2309 4005 2764 4070 homuncionis

646 4145 785 4188 esse
815 4119 1118 4190 abortum
1157 4120 1442 4207 iurabat,
1473 4123 1773 4188 Marinus
1814 4121 2121 4189 Statilius
2150 4122 2412 4209 fervida
2442 4119 2764 4206 doctaque

1343 4506 1392 4631 1
1501 4507 1868 4616 83995
