3500 5042
2674 363 2863 428 49.

621 495 804 560 ribus
853 493 1122 582 quidem
1167 494 1443 560 sacculis
1489 496 1824 580 neglectus
1870 481 2126 580 fuisset,
2176 495 2407 562 eadem
2454 497 2527 562 in
2556 496 2749 564 libris

618 620 1044 677 revertuntur
1099 610 1464 677 maculosae
1519 611 1891 678 latinitatis,
1960 613 2067 676 Ita
2120 611 2283 678 hacc
2345 612 2579 680 verba
2614 635 2747 679 non

620 729 840 792 minus
886 726 1062 813 apud
1107 728 1418 810 Ennium,
1448 727 1727 793 Accium
1760 737 1827 793 et
1856 729 2225 794 Pacuvium
2256 750 2453 816 quam
2501 731 2574 794 in
2621 730 2750 796 Pc-

621 843 846 927 tronii,
893 843 1221 910 Martialis
1266 853 1334 908 et
1377 843 1646 929 Apulcii
1694 843 1959 930 scriptis
1989 853 2361 910 occurrunt.
2396 843 2592 929 Quod
2636 866 2746 910 ve-

622 960 821 1045 stigia
866 967 1194 1026 testantur
1239 960 1310 1025 in
1361 960 1549 1025 novis
1580 959 1902 1042 dialectis,
1928 935 1967 1024 a
1997 957 2253 1046 plebeio
2287 983 2585 1032 sermone
2617 983 2748 1026 non

623 1075 708 1141 ab
769 1076 1074 1142 archaico
1129 1087 1346 1144 ortum
1402 1047 1819 1160 ducentibns,
1884 1097 2204 1141 remansa.
2254 1075 2367 1143 Sic
2412 1077 2743 1158 adiutare,

623 1190 763 1256 ital.
810 1192 1102 1272 a-iutare,
1148 1193 1302 1279 gall.
1351 1193 1541 1258 aider
1586 1191 1736 1277 (cfr.
1799 1194 2133 1276 coniugat.
2183 1191 2372 1257 verbi
2422 1193 2633 1257 aidier
2678 1194 2748 1258 in
2877 1261 2883 1274 ,

621 1308 968 1392 Romania,
1015 1331 1138 1392 vn,
1187 1331 1334 1395 pag.
1382 1310 1514 1375 420
1547 1312 1752 1392 segg.)
1786 1319 1852 1372 et
1884 1288 2215 1393 adjutam,
2248 1307 2421 1394 hisp.
2456 1307 2751 1392 ayudar;

620 1425 989 1506 convivare,
1037 1424 1172 1488 ital.
1221 1425 1568 1489 convivare
1577 1445 1604 1505 7·
1625 1423 2015 1502 debattuere,
2042 1422 2180 1487 ital.
2206 1421 2541 1504 dibattere,
2589 1423 2746 1509 gall.

619 1537 927 1625 de'battre,
974 1540 1144 1625 hisp.
1177 1540 1453 1607 debatir.

799 1659 870 1740 n)
917 1655 1126 1721 verba
1170 1655 1424 1721 mediae
1455 1654 1839 1720 latinitatis:
1875 1654 2089 1719 barbis
2119 1654 2282 1739 (99),
2308 1651 2539 1719 besalis
2575 1655 2741 1740 (58),

623 1771 855 1838 botulis
903 1774 1065 1856 (49),
1115 1771 1381 1838 buccam
1414 1772 1576 1856 (44),
1601 1770 1872 1837 bucinus
1900 1770 2063 1855 (74),
2088 1770 2348 1835 caricae
2396 1770 2560 1854 (45),
2592 1793 2742 1835 car-

616 1889 890 1953 narium
936 1887 1098 1982 (45),
1130 1883 1552 1954 catomidiari
1612 1889 1822 1972 (132),
1868 1889 2269 1952 cauniarum
2329 1886 2493 1970 (44),
2528 1887 2747 1952 ,circi-

546 2043 552 2051 ·
617 2013 752 2069 tore
799 2005 961 2089 (53),
1007 2015 1284 2070 coctores
1334 2004 1498 2087 (95),
1543 2007 1679 2069 coci
1708 2005 1874 2087 (47),
1905 2003 2190 2088 concepti
2228 2003 2390 2085 (33),
2438 2001 2743 2067 consilia·

617 2129 722 2185 tor
768 2121 930 2205 (76),
978 2130 1378 2187 constratum
1412 2121 1620 2204 (100),
1653 2120 1977 2206 epidipnis
2004 2119 2166 2204 (69),
2180 2116 2518 2204 fericulus
2568 2119 2732 2202 (39),

606 2235 1052 2322 ferruminati
1096 2239 1256 2321 (31),
1279 2236 1655 2322 ferrumine
1686 2236 1895 2319 (102),
1924 2234 2269 2321 fuliqinea
2324 2234 2532 2316 (108),
2575 2256 2741 2321 qau-

619 2375 786 2439 sapa
831 2355 997 2439 (21),
1039 2355 1401 2441 qausapati
1463 2353 1625 2437 (38),
1668 2353 1952 2438 gizeria,
1988 2353 2151 2434 (66),
2195 2349 2531 2436 qraeculio
2580 2351 2745 2436 (76),

615 2468 986 2557 impropero
1033 2472 1196 2555 (38),
1247 2469 1618 2534 lamellulas
1676 2469 1839 2552 (57),
1902 2467 2190 2548 laniones
2247 2465 2411 2551 (39),
2471 2465 2743 2531 malico-

615 2587 796 2650 rium
827 2587 995 2671 (47),
1036 2585 1420 2652 martiolum
1451 2585 1614 2669 (51),
1645 2584 1962 2649 mamillae
1995 2554 2549 2668 (44),'minutalia
2579 2582 2746 2667 (47),
2780 2619 2784 2624 ·
2876 2565 2883 2570 ’
2959 2657 2965 2664 ,

614 2701 955 2766 molestare
1001 2699 1167 2785 (58),
1211 2701 1440 2765 muria
1487 2699 1650 2782 (70),
1697 2699 2039 2786 nesapium
2061 2693 2228 2782 (50),
2260 2707 2549 2764 notorem
2579 2696 2747 2781 (92),

617 2815 770 2902 offla
801 2819 964 2903 (56),
1009 2818 1400 2904 oxyconium
1431 2816 1595 2900 (66),
1614 2815 2007 2901 paropsides
2036 2811 2196 2898 (50),
2225 2807 2538 2900 phialam
2576 2812 2743 2896 (51),

617 2934 930 2998 recutitus
949 2935 1110 3016 (68),
1128 2931 1559 2998 salamandra
1585 2931 1795 3014 (107),
1813 2940 2151 2995 satureum
2175 2929 2297 3013 (8),
2320 2930 2561 2994 scobem
2580 2929 2744 3012 (68),

618 3048 950 3116 scordalia
976 3047 1138 3132 (59),
1160 3046 1462 3113 scordalo
1482 3047 1644 3129 (95),
1663 3046 2010 3111 sessoriani
2036 3046 2198 3128 (77),
2222 3040 2508 3131 spintria
2534 3044 2743 3126 (113),

617 3164 1007 3230 staminatas
1053 3164 1216 3248 (41),
1263 3163 1445 3229 stelio
1492 3163 1653 3246 (50),
1701 3162 2045 3226 strabonus
2094 3161 2255 3243 (68),
2282 3159 2527 3245 striyae
2573 3157 2739 3242 (63),

615 3257 919 3367 strophas
946 3281 1108 3364 (60),
1133 3279 1496 3367 suqyillare
1522 3279 1730 3362 (128),
1747 3299 1975 3340 susum
1998 3277 2160 3359 (77),
2186 3276 2549 3339 trhaecium
2572 3269 2737 3356 (75),

617 3397 1046 3464 tonstreinum
1113 3397 1277 3480 (46),
1337 3390 1777 3460 vilicationem
1848 3393 2009 3475 (69),
2078 3391 2293 3456 vitrea
2360 3391 2526 3474 (10),
2580 3386 2742 3451 zelo-

615 3524 805 3602 typos
837 3511 998 3598 (45).

705 3632 996 3696 Exstant
1041 3628 1110 3693 in
1156 3628 1345 3693 novis
1407 3625 1710 3692 dialectis
1757 3622 2038 3705 botulus,
2083 3611 2225 3689 ital.
2274 3620 2555 3689 boldonc
2611 3618 2743 3703 (bo-

617 3745 860 3827 tulone,
887 3745 1176 3826 bodlone,
1202 3744 1489 3821 boldone,
1516 3753 1740 3826 utego
1778 3743 2123 3826 suspicor),
2147 3739 2302 3824 gall.
2338 3736 2579 3802 boudin
2612 3734 2745 3816 (bo-

625 3861 842 3946 tulin)4
890 3862 1112 3943 bucca,
1175 3859 1317 3925 ital.
1374 3858 1588 3938 bocca,
1623 3857 1773 3941 gall.
1838 3857 2097 3936 boucha,
2122 3853 2274 3939 gall.
2310 3852 2494 3918 arch.
2521 3848 2740 3934 buche,

617 3977 785 4064 hisp.
849 3977 1037 4060 boca;
1093 3979 1392 4057 bucinus,
1454 3975 1638 4041 sicul.
1701 3975 2047 4052 bucinaru,
2105 3971 2175 4035 id
2238 3979 2339 4035 est
2404 3969 2745 4048 clamator,

614 4093 756 4160 ital.
805 4093 1114 4158 bucinare
1173 4103 1242 4159 et
1298 4092 1698 4170 bucinatore,
1757 4089 1927 4174 hisp.
1989 4087 2257 4152 bocinar,
2310 4092 2377 4149 et
2424 4082 2740 4162 bocinsro,

719 4234 750 4279 4
772 4255 829 4270 -
853 4234 1060 4280 cesarea.
