3500 5042
828 411 901 468 54

829 547 1000 614 nihil
1045 549 1202 616 satis
1251 558 1343 616 est
1391 551 1502 634 (76
1535 549 1655 616 cfr.
1701 551 1792 616 42
1840 551 1979 637 58),
2013 551 2265 618 sustuli
2290 551 2485 618 mede
2528 555 2949 640 neqotiatione

733 754 739 764 ἱ
831 664 997 749 (76),
1035 687 1278 753 panem
1336 675 1743 754 autopyrum
1788 667 1865 733 de
1911 691 2027 734 suo
2074 667 2195 734 sibi
2239 670 2399 753 (66),
2432 693 2554 735 sua
2586 672 2943 759 octinqenta

824 780 1109 866 possidet
1154 783 1318 866 (38),
1349 784 1708 848 sestertium
1753 806 1949 850 suum
1996 784 2160 849 vidit
2204 785 2404 850 decies
2452 788 2611 870 (38),
2644 787 2800 852 velit
2828 813 2946 856 no-

831 894 908 960 lit
953 898 1114 983 (71),
1160 921 1290 964 non
1334 897 1490 964 velit
1521 900 1641 964 sibi
1672 899 1841 965 male
1867 901 2007 983 (38)
2031 901 2133 966 vis
2157 910 2229 965 tu
2254 900 2665 969 adhortantis
2706 907 2892 990 (111)
2920 930 2937 989 ς

827 1012 1018 1079 modo
1066 1015 1331 1080 nomina
1360 1014 1696 1103 verbaque
1726 1017 1974 1082 rustice
2021 999 2470 1102 inflectuntur3
2503 1021 2801 1087 nomina:
2840 1022 2938 1087 in·

829 1128 1092 1193 testinas
1137 1130 1300 1214 (76),
1348 1153 1586 1218 rapam.
1632 1132 1799 1215 (66),
1843 1134 2125 1198 schemas
2151 1133 2312 1216 (44),
2336 1133 2637 1221 stigmam
2660 1134 2775 1219 (45
2799 1136 2934 1219 69),

825 1245 1069 1331 striqae
1115 1247 1296 1329 (63)‚.
1313 1246 1628 1333 saciatur
1673 1256 1731 1310 et
1765 1246 2062 1313 triclinia
2109 1249 2270 1332 (71),
2304 1247 2567 1314 balneus
2601 1249 2764 1334 (41),
2796 1274 2939 1316 cae-

829 1359 933 1426 lus
982 1362 1095 1445 (39
1143 1363 1307 1446 45),
1343 1362 1772 1429 candelabrus
1827 1363 1989 1449 (75),
2023 1364 2221 1454 fatus
2268 1365 2382 1449 (42
2432 1365 2562 1450 71),
2603 1365 2941 1454 fericulus

826 1479 990 1562 (39),
1025 1477 1207 1544 lorus
1240 1479 1402 1564 (57),
1451 1503 1650 1545 vasus
1697 1480 1863 1567 (57),
1909 1481 2101 1544 vinus
2133 1481 2296 1565 (41),
2327 1483 2613 1569 concepti
2644 1484 2807 1567 (33),
2842 1482 2939 1548 la·

823 1594 973 1658 sani
1004 1594 1164 1679 (47),
1212 1596 1550 1661 strabonus
1598 1597 1763 1679 (68),
1817 1618 2088 1661 cornum
2133 1597 2293 1680 (39),
2350 1599 2733 1664 thesaurum
2778 1600 2939 1684 (46),

825 1732 1061 1776 vasum
1107 1711 1270 1795 (51),
1322 1711 1493 1776 libra
1525 1710 1872 1776 rubricata
1904 1712 2065 1796 (46),
2098 1713 2327 1777 nervia
2370 1713 2529 1798 (45),
2576 1714 2939 1800 quisquilia

829 1825 1004 1911 (75),
1046 1826 1427 1893 statuncula
1472 1825 1636 1912 (50),
1682 1827 1863 1892 Iovis
1912 1828 2028 1908 (47
2078 1828 2211 1911 58),
2266 1827 2443 1893 bovis
2490 1830 2655 1914 (62),
2711 1829 2939 1896 lactem

825 1945 987 2028 (71),
1053 1943 1218 2008 lacte
1271 1945 1436 2028 (38),
1478 1945 1774 2031 porticos
1840 1943 2001 2009 duos
2065 1945 2229 2028 (77),
2296 1969 2533 2010 munus
2602 1945 2940 2014 eoecellente

826 2060 940 2143 (45
987 2062 1123 2145 66),
1155 2083 1444 2148 san-quen
1478 2061 1640 2144 (59),
1672 2061 1832 2148 stips
1860 2063 2023 2145 (43),
2054 2083 2183 2126 non
2203 2063 2381 2146 gusti
2398 2061 2550 2147 fuit
2574 2063 2740 2145 (76),
2759 2087 2939 2150 pau-

808 2198 1130 2264 perorum
1174 2179 1337 2262 (46),
1371 2201 1414 2243 a
1444 2178 1658 2243 diibus
1703 2179 1871 2262 (44),
1906 2177 2322 2244 Phileronem
2356 2180 2521 2263 (46),
2543 2179 2932 2254 Niceronem

819 2294 982 2378 (63),
1026 2271 1389 2380 ‘Apelletem
1435 2295 1598 2377 (64),
1660 2319 1695 2358 o
1750 2293 1845 2358 mi
1889 2295 2160 2380 hospites
2226 2296 2445 2379 (116);
2493 2295 2735 2360 verba:
2790 2319 2939 2362 cum

819 2409 1248 2475 delectaretur
1291 2409 1622 2475 dominam
1644 2411 1760 2494 (45
1809 2411 1945 2494 64),
1990 2433 2090 2476 me
2113 2409 2333 2475 studia
2350 2410 2738 2497 fastiditum
2770 2413 2936 2497 (48),

806 2526 1149 2614 pudeatur
1197 2527 1358 2611 (47),
1403 2528 1517 2614 qui
1561 2527 1865 2592 rideatur
1912 2527 2080 2593 alios
2134 2529 2295 2611 (37),
2341 2529 2709 2593 somniatur
2766 2523 2931 2614 (74),

817 2651 1090 2729 arqutat
1137 2644 1248 2726 (46
1297 2642 1438 2726 57),
1493 2641 1897 2728 ampleoearet
1943 2643 2106 2726 (63),
2153 2644 2501 2708 convivare
2562 2643 2725 2708 soles
2772 2644 2934 2730 (57),

814 2759 1183 2824 eoehortavit
1228 2760 1391 2842 (76),
1433 2760 1944 2844 naufraqarunt
1974 2760 2137 2843 (76),
2161 2759 2509 2844 defraudit
2542 2759 2703 2843 (69),
2741 2758 2926 2826 olunt

820 2875 982 2960 (50),
1027 2884 1215 2939 vetuo
1265 2873 1376 2956 (53
1422 2874 1559 2957 47),
1594 2875 1753 2942 faaeo
1803 2851 1964 2958 (85),
1988 2898 2271 2960 parsero
2320 2876 2481 2958 (58),
2528 2876 2931 2940 vinciturum

817 2993 980 3078 (45),
1027 2992 1460 3056 adiuvaturos
1506 2993 1668 3074 (16),
1703 2989 2048 3076 fefellitus
2080 2991 2246 3075 (62),
2295 2991 2561 3058 domata
2608 2991 2770 3076 (74),
2805 2993 2929 3079 fa-

817 3110 1037 3192 ciatur
1084 3110 1482 3192 (71),‚suum
1517 3111 1908 3194 propinasse
1946 3108 2111 3191 (28),
2142 3129 2354 3172 meum
2386 3106 2742 3194 intelliyere
2770 3108 2932 3193 (52),

817 3225 934 3314 qui
969 3225 1147 3296 ,mori
1192 3225 1417 3288 timore
1463 3224 1591 3287 nisi
1637 3221 1795 3309 eqo?
1841 3223 2001 3306 (61).

895 3340 1260 3407 Caeterum
1293 3339 1455 3404 haee
1502 3339 1733 3404 rustici
1783 3339 1953 3404 vitia
1999 3339 2317 3404 sermonis
2344 3339 2461 3403 vix
2488 3340 2837 3405 immutata
2862 3341 2932 3404 in

815 3459 1008 3524 novis
1040 3457 1338 3522 dialectis
1364 3455 1675 3524 resident.
1708 3453 2124 3538 Maledicere,
2138 3456 2543 3543 persuadere
2569 3477 2716 3522 eum
2744 3477 2930 3521 accu-

817 3575 1032 3640 sativo
1059 3572 1234 3659 apud
1262 3571 1464 3638 Italos
1492 3571 1845 3658 Gallosque
1869 3571 2249 3636 etiamnunc
2272 3571 2655 3654 adhibetur3
2688 3570 2933 3652 valere,

815 3690 1160 3769 destinare,
1184 3688 1420 3775 facere
1451 3697 1599 3752 eum
1633 3686 1989 3769 infinitivo,
2020 3687 2181 3752 velle
2199 3709 2362 3764 ,cum
2396 3687 2815 3752 subiunctivo
2864 3689 2933 3752 in

815 3804 1226 3872 sermonibus
1295 3801 1638 3886 Italorum,
1704 3801 2044 3868 Gallorum
2099 3803 2675 3890 Hispanorumque
2737 3802 2933 3868 hodie

814 3922 1195 4008 saepissime
1227 3928 1607 3985 occurrunt.
1640 3917 1969 3984 Addenda
1997 3927 2181 3983 sunt:
2217 3917 2596 4004 quisquilia,
2622 3917 2760 3982 ital.
2786 3918 2935 4003 qui-

814 4037 1109 4125 squilia;
1161 4036 1369 4116 Iovis,
1419 4034 1620 4115 bovis,
1671 4033 1935 4120 lactem‚‘
1978 4033 2342 4115 eoecellente,
2399 4057 2707 4122 sanquen,
2765 4055 2934 4121 quae

813 4155 1026 4242 magis
1057 4151 1379 4222 accedunt
1409 4151 1494 4219 ad
1547 4173 1723 4218 nova
1776 4150 1915 4218 ital.
1975 4149 2220 4234 Giove5
2265 4152 2439 4234 bove,
2500 4150 2649 4238 gall.
2702 4148 2932 4236 boeuf5
