3500 5042
2734 428 2772 486 5

661 560 955 627 iocorum
985 568 1051 627 et
1083 569 1309 629 auctor
1339 561 1729 649 purissimae
1772 563 2175 650 impuritatis
2205 570 2483 632 vocatur
2515 586 2556 629 a
2585 564 2771 630 Iusto

662 677 895 764 Lipsio
940 678 1310 762 Petronius,
1357 699 1552 765 quem
1585 678 1938 745 Gonsalius
1984 680 2065 745 de
2113 679 2301 746 Salas
2332 681 2556 747 virum
2601 680 2768 746 inlu-

663 794 784 858 stri
839 793 1103 879 ingenio
1141 795 1533 881 praeditum,
1567 817 1820 862 summa
1852 795 2153 862 doctrina
2192 795 2526 862 excultum
2565 802 2772 883 poeti-

663 931 870 998 caque
899 909 1213 977 facultate
1245 911 1547 977 divinum
1578 913 1958 998 proclamat.
1994 894 2345 1005 Caeterum
2391 936 2523 979 non
2556 914 2772 978 nullae

665 1029 736 1094 in
781 1028 1102 1116 reliquiis,
1148 1051 1317 1117 quae
1363 1039 1747 1115 supersunt‚,
1794 1052 2029 1117 parum
2077 1030 2379 1116 pudicae,
2436 1028 2772 1095 fatendum

667 1155 784 1229 est,
829 1147 1364 1213 narratiunculae
1397 1155 1748 1212 occurrunt
1780 1146 2136 1233 dispersae,
2165 1155 2232 1212 et
2278 1168 2442 1234 quae
2478 1145 2772 1213 fortassia

665 1270 880 1327 castas
939 1283 1132 1327 aures
1190 1261 1367 1328 haud
1428 1262 1754 1327 immerito
1814 1261 2163 1327 ostendant.
2211 1263 2319 1328 ·At
2376 1261 2776 1327 meherculffl

640 1352 972 1465 (ideoque
1027 1379 1446 1444 Burmannus
1477 1378 1696 1444 virum
1727 1374 2213 1443 sanctissimum
2259 1376 2615 1465 appellavit
2656 1382 2772 1442 Pn-

667 1494 982 1574 tronium)
1009 1494 1110 1560 sui
1142 1495 1290 1559 aevi
1319 1494 1612 1579 flagitiis,
1645 1495 1714 1558 in
1745 1515 1916 1580 quae
1947 1494 2306 1578 invehitur,
2339 1493 2505 1591 illud
2534 1498 2776 1580 potius*

667 1630 866 1697 quam
911 1611 1361 1698 impudentiae
1390 1632 1567 1694 suae,
1615 1611 1744 1676 erit
1792 1610 2278 1697 imputandum3
2311 1610 2640 1699 etiamque
2672 1614 2780 1674 in—

667 1727 847 1811 genii
893 1729 1336 1813 praestantiae
1383 1737 1450 1794 et
1495 1726 1997 1814 incomparabili
2043 1725 2455 1814 eloquentiae
2501 1728 2628 1792 scri
2636 1738 2775 1814 pto-v

668 1844 781 1908 ris.
828 1843 1212 1910 Guirandus
1256 1843 1610 1911 Alosianus
1641 1844 2028 1910 Petronium
2072 1843 2316 1925 laudat,
2367 1843 2525 1929 quia
2571 1846 2776 1910 mult-2³.

666 1958 1024 2044 placentin
1046 1961 1290 2044 satiris,
1314 1963 1453 2027 sive
1477 1959 1801 2026 defaecati
1825 1959 2142 2025 sermonis
2165 1959 2480 2044 puritiam
2505 1970 2776 2045 specta&

674 2097 894 2142 merus
923 2076 1124 2164 lepos,
1157 2078 1300 2143 sive
1330 2078 1578 2164 priscas
1609 2077 2021 2164 negotiorum
2068 2057 2403 2159 formulas.
2437 2074 2680 2142 multae
2716 2090 2780 2138 et

672 2190 1020 2277 elegantes.
1054 2192 1360 2281 Optimus
1390 2201 1459 2259 et
1490 2193 1841 2279 singularis
1875 2192 2103 2258 iudicii
2135 2201 2329 2278 poeta
2360 2191 2623 2257 videtur
2656 2194 2776 2258 Pr:-

670 2310 926 2376 tronius
958 2309 1234 2397 Caspari
1265 2310 1570 2395 Barthi03
1604 2308 1851 2375 artifex
1880 2307 2295 2394 voluptatum
2328 2307 2672 2374 Theodora
2700 2310 2780 2370 de

671 2429 895 2512 Iugest,
953 2426 1125 2492 inter
1155 2449 1376 2492 omnes
1408 2435 1727 2514 quotquot
1759 2426 1999 2491 satiras
2031 2426 2378 2511 scripsere,
2412 2425 2780 2511 speculator

673 2545 1129 2630 sagacissimus
1162 2545 1414 2610 auctori
1446 2544 1898 2638 praefationis·
1913 2525 2081 2632 quae
2124 2542 2415 2628 editioni·
2451 2542 2780 2630 parisinae²

670 2661 829 2728 anni
873 2682 1246 2728 uncnxxvn
1291 2661 1700 2749 praefigitur.
1764 2661 1972 2728 Nemo
2031 2660 2318 2747 lepidius
2363 2658 2589 2748 populi
2644 2682 2780 2722 nm-

670 2801 774 2845 res
804 2781 1183 2866 maioreque
1221 2778 1440 2845 studio
1485 2786 1552 2844 et
1582 2777 1788 2845 animi
1831 2778 2135 2863 candore,
2182 2798 2381 2864 quam
2412 2777 2780 2854 Petronius,

672 2894 978 2961 ostendit.
