3500 5042
2758 356 2830 411 37

780 487 1080 544 Platanona
1127 483 1284 558 (126)
1331 485 1645 558 Platanon,
1691 486 1891 542 locum
1938 483 2197 558 platanis
2246 484 2556 544 consitum.
2608 487 2838 545 Graeca

707 601 850 641 vox:
887 583 1189 641 πλατανῶν.
1226 583 1403 674 Apud
1449 583 1643 641 Sidon.
1687 599 1801 641 vm
1836 585 1897 640 9:
1945 603 1981 639 «
2004 589 2234 658 myrtos
2260 589 2321 641 et
2362 584 2683 657 platanona
2708 603 2835 660 per-

703 686 978 754 vagatus.
1021 701 1057 736 »
1275 683 1282 687 “
2275 683 2279 687 ’

782 854 1060 912 Piussciae
1087 851 1224 926 (63).
1246 807 1621 909 scientiores.
1640 851 1820 926 Apud
1841 853 2003 909 Fest.
2021 851 2405 926 Querquetul.
2444 871 2481 908 α
2509 870 2659 927 quas
2678 853 2836 910 scias

712 949 964 1008 dicimus
988 970 1039 1006 ν.

783 1121 1129 1193 Ροᾱαῃτῐοιιῐη
1183 1118 1358 1192 (140).
1417 1119 1785 1191 Podagricus
1838 1125 1933 1176 est
1988 1117 2255 1192 podagra
2312 1119 2605 1178 laborans.
2659 1120 2837 1193 Apud

704 1218 856 1276 Cels.
911 1238 946 1272 ‹
982 1217 1110 1274 vita
1147 1235 1297 1290 quae
1342 1217 1407 1273 in
1454 1216 1793 1290 podagricis
1836 1235 1888 1273 »-
1923 1217 2124 1273 Etiam
2172 1217 2476 1275 invenitur
2504 1217 2672 1291 ‚apud
2706 1216 2864 1272 Pli-'

703 1315 884 1388 nium,
923 1316 1326 1388 Senecamque
1363 1315 1654 1396 aliosque,
1671 1314 1903 1371 mediae
1938 1314 2257 1372 latinitatis
2296 1314 2638 1388 scriptores.

775 1487 1039 1555 polymita
1056 1484 1190 1559 (40).
1219 1483 1558 1558 Polymitus
1574 1489 1668 1540 est
1686 1483 1893 1540 multis
1913 1483 2031 1541 filis
2053 1489 2387 1542 contextus.
2426 1484 2656 1542 Graeca
2676 1503 2796 1543 vox
2820 1509 2832 1542 :

703 1584 1012 1656 πολύμιτος.
1035 1583 1212 1656 Apud
1245 1583 1401 1641 Plin.
1419 1597 1530 1639 vm
1567 1581 1665 1637 48:
1689 1601 1725 1637 «
1751 1600 1902 1654 quae
1944 1582 2215 1657 polimita
2254 1583 2627 1656 appellant».
2669 1585 2835 1640 ‹Po-

704 1682 976 1739 lemitum
1001 1700 1038 1736 »
1083 1681 1146 1736 in
1180 1687 1301 1738 not.
1321 1681 1456 1753 Tyr.
1486 1699 1544 1754 p.
1567 1681 1687 1738 159.
1724 1681 1943 1737 Exstat
1978 1681 2185 1737 multis
2220 1681 2281 1737 in
2319 1680 2557 1755 scriptis
2594 1681 2833 1739 infimae

703 1778 1049 1836 latinitatis:
1090 1779 1195 1835 cfr.
1232 1778 1529 1851 Ducangii
1565 1778 1829 1836 Glossar.

771 1950 1100 2008 potiunculis
1111 1948 1232 2022 (47)
1243 1947 1590 2021 potiuncula
1607 1953 1702 2004 est
1713 1965 1901 2021 parva
1913 1947 2093 2021 potio,
2106 1948 2288 2022 Apud
2302 1947 2685 2006 Suet.Domit.
2698 1961 2830 2004 xxi:

705 2064 742 2101 α
767 2051 837 2102 ut
871 2046 1164 2104 modicam
1183 2045 1247 2102 in
1271 2046 1531 2118 ampulla
1565 2045 1868 2119 potionem
1906 2050 2167 2102 sumeret
2190 2066 2243 2102 ».

685 2267 691 2274 .
774 2217 1099 2274 praefiscini
1128 2215 1270 2289 (73).
1293 2215 1658 2272 Adverbium
1696 2232 1771 2271 ex
1793 2233 1937 2288 prae
1975 2221 2034 2272 et
2069 2215 2297 2272 fascino
2324 2215 2401 2271 ad
2423 2214 2711 2274 invidiam
2736 2216 2833 2271 de-

704 2306 1061 2388 precandam
1110 2312 1449 2371 conflatum.
1466 2313 1644 2386 Apud
1680 2313 1877 2370 Plaut.
1915 2313 2047 2369 Cas,
2120 2315 2175 2370 V
2209 2315 2246 2369 2
2282 2313 2379 2371 43:
2431 2334 2467 2370 ‹
2489 2313 2627 2370 inde
2662 2313 2825 2371 foras

702 2414 940 2485 tacitus,
977 2411 1328 2487 praefiscini,
1365 2429 1529 2469 eer.
1571 2430 1608 2466 >

774 2584 1130 2642 prasinianus
1173 2583 1306 2656 (70).
1343 2582 1458 2650 Qui
1494 2581 1770 2655 prasinae
1817 2581 1983 2637 favet
2018 2579 2279 2637 factioni.
2311 2580 2491 2653 Apud
2512 2579 2827 2654 Capitolin.

697 2682 836 2739 Ver.
855 2683 920 2738 6:
949 2703 982 2736 ι
1007 2700 1044 2738 a
1065 2683 1283 2757 populo
1307 2680 1783 2755 prasinianorum
1808 2697 1987 2753 saepe
2009 2678 2243 2778 modius
2282 2695 2597 2736 aureorum
2622 2685 2825 2752 postu-

698 2779 943 2838 laretur.
986 2799 1020 2835 »

773 2932 989 2989 Praxim
1011 2931 1147 3004 (39).
1166 2929 1377 2986 Praxis
1398 2935 1492 2987 est
1511 2931 1683 3002 actio,
1705 2931 1931 2989 virtus:
1951 2946 2167 3001 graeca
2188 2945 2330 2986 vox:
2353 2929 2558 3003 πράξις.
2577 2928 2822 2986 Nullum

700 3034 900 3084 exstat
935 3029 1054 3084 nisi
1087 3027 1358 3104 Petronii
1394 3030 1748 3102 exemplum.

775 3183 1198 3239 promulsidaria
1235 3179 1372 3254 (31).
1409 3160 1660 3236 Fer-cula
1697 3186 1839 3252 apta
1876 3178 2225 3237 sustinendo
2261 3179 2408 3250 vasi,
2446 3179 2509 3233 in
2545 3196 2661 3250 quo
2690 3197 2821 3252 pro-

696 3277 908 3334 mulsis
957 3296 1136 3335 cenae
1182 3277 1447 3335 affertur.
1496 3279 1552 3334 A
1587 3278 1979 3351 promulside3
2020 3276 2125 3334 sed
2160 3277 2307 3332 haec
2346 3295 2493 3332 sana
2526 3295 2671 3348 vox,
2715 3277 2822 3333 illa

695 3393 873 3449 saepe
907 3382 1214 3450 usurpata.
1252 3377 1370 3434 Ofr.
1409 3378 1565 3450 apud
1602 3377 1837 3450 Ulpian.
1879 3376 1951 3431 de
1990 3394 2115 3432 aur.
2170 3381 2230 3432 et
2267 3382 2499 3448 argent.
2540 3377 2661 3448 leg.
2698 3390 2831 3452 xlx,¹

695 3477 788 3533 10:
825 3495 861 3531 ‹
883 3475 1339 3548 promulsidaria
1375 3494 1542 3532 vasa.
1563 3496 1596 3530 »

759 3631 1075 3699 Fropudium
1115 3628 1251 3704 (99).
1289 3628 1670 3701 propudium,
1708 3647 1806 3685 res
1847 3631 2152 3701 obscoena,
2193 3648 2229 3685 a
2263 3628 2413 3701 proh
2438 3626 2630 3700 pudor
2661 3625 2819 3684 forte

694 3724 904 3782 oritur:
951 3726 1110 3800 apud
1162 3729 1358 3784 Plaut.
1409 3728 1533 3782 Mil.
1570 3743 1619 3782 11
1669 3727 1706 3780 4
1744 3728 1838 3782 11:
1875 3746 1911 3782 «
1950 3727 2054 3800 qui
2094 3727 2368 3800 propudii
2417 3743 2511 3782 me
2559 3725 2816 3781 maxime

692 3822 1067 3912 innocentem
1102 3826 1256 3883 falso
1281 3824 1616 3895 insimulat3
1642 3844 1678 3879 »
1699 3825 1806 3882 sed
1830 3827 1904 3881 ab
1929 3826 2191 3882 hocloco
2216 3823 2647 3885 alienissimum
2670 3823 2818 3878 mihi

693 3921 905 3978 oritur:
936 3941 1126 3996 prope
1173 3925 1348 3992 diem,
1388 3923 1754 3994 Richardus3
1798 3926 2156 3996 proludium
2199 3929 2482 3996 tanquam
2523 3922 2816 3996 portiscu-

690 4019 817 4074 lum
837 4019 1221 4094 Bongarsius.
1258 4024 1593 4093 Propitium
1621 4019 1734 4093 ego
1760 4021 2016 4095 restitui,
2035 4023 2403 4095 naviyatiom'
2427 4024 2659 4093 tempus
2685 4020 2820 4077 sub-

687 4116 954 4177 audiens.
