3500 5042
707 377 744 432 8

707 509 977 577 HoaAr.
1001 508 1170 573 satir
1199 509 1232 573 1
1262 507 1333 572 2:
1381 507 1412 555 ⁴⁸
1441 504 1941 574 ambubaiarum
1964 497 2240 592 collegia
2266 555 2298 594 „
2337 507 2496 572 etin
2522 507 2811 575 Summos.

706 627 872 691 Ner.
921 644 1149 690 xxv11:
1206 623 1239 660 α
1289 619 1923 709 ambubaiarumque
1976 622 2365 687 ministeria.
2412 671 2444 708 „
2504 622 2702 704 Quod
2749 625 2817 688 in

707 739 1026 826 singulari
1071 760 1342 806 numero
1373 759 1502 803 non
1534 738 1873 802 invenitur
1903 739 2030 802 nisi
2063 737 2238 823 apud
2284 739 2685 822 Petronium,
2717 759 2811 802 ar-

707 866 1092 942 gumentum
1139 863 1236 919 est
1281 853 1557 919 fatuum.
1606 852 1694 922 Ᾱιι
1756 869 1836 923 au
1897 854 2036 936 (67)
2090 852 2290 918 habes
2349 874 2542 937 saepe
2602 855 2671 918 in
2717 875 2790 920 co

710 973 926 1037 micis:
991 973 1301 1037 ΤΕΒΕΝΤ.
1363 965 1541 1033 Eun.
1605 989 1649 1033 v
1709 989 1765 1033 11
1826 969 1939 1034 60:
2010 969 2041 1006 ‘⁴
2085 990 2192 1052 au,
2247 977 2413 1050 tace,
2469 967 2735 1034 obsecro
2782 1017 2814 1054 „

711 1098 777 1152 et
823 1087 1100 1173 passim3
1147 1087 1401 1152 PLAu'r.
1449 1082 1601 1149 Mil.
1654 1105 1707 1149 11
1756 1104 1810 1148 11
1856 1084 1941 1147 62
1995 1083 2026 1121 “
2067 1104 2151 1149 au
2198 1084 2471 1149 feriatus
2517 1106 2599 1149 ne
2646 1086 2815 1171 sis.„

715 1199 892 1271 Belia
939 1204 1101 1288 (58),
1166 1199 1508 1302 bellissima
1539 1200 1700 1286 (25),
1740 1197 1887 1269 beili
1951 1199 2061 1282 (68
2098 1200 2228 1286 78),
2263 1197 2424 1269 helie
2464 1201 2628 1284 (46),
2660 1199 2821 1265 haec

651 1335 655 1343 ’
714 1319 936 1384 omnia
1005 1317 1438 1381 inveniuntur
1482 1315 1656 1400 apud
1727 1314 1967 1380 Omna.
2026 1323 2162 1379 Act.
2212 1315 2275 1381 V
2337 1317 2453 1379 17:
2524 1316 2554 1352 “
2609 1314 2822 1380 locum

713 1454 855 1498 esse
905 1430 1336 1497 bellissimum
1393 1480 1425 1517 ῃ
1494 1439 1560 1497 et
1613 1431 1857 1516 passim
1911 1431 2085 1516 apud
2140 1429 2545 1515 Cunnum,
2604 1432 2822 1497 PLAU·

714 1569 878 1632 mun,
925 1549 1362 1614 Tnnmmmu.
1394 1545 1613 1612 Bellus
1645 1555 1866 1611 autem
1896 1568 2027 1612 non
2060 1555 2159 1611 est
2188 1546 2363 1611 idem
2409 1569 2486 1612 ac
2533 1544 2823 1631 pulcher,

715 1661 830 1728 sed
898 1673 1110 1750 aptus,
1165 1661 1557 1747 commodus,
1616 1662 1907 1728 idoneus.
1972 1661 2140 1732 Bene
2192 1679 2375 1732 mano
2440 1661 2601 1746 (85),
2650 1660 2826 1746 apud

718 1777 956 1845 Omna.
1003 1777 1094 1842 ad
1122 1778 1261 1842 Att.
1294 1779 1430 1844 IV:
1473 1779 1503 1815 “
1537 1776 1704 1843 bene
1735 1800 1927 1843 mane
1958 1777 2119 1843 haec
2149 1778 2381 1864 scripsi
2408 1827 2439 1864 „
2488 1785 2555 1842 et
2584 1777 2827 1863 passim

721 1895 1081 1960 invenitur.
1137 1891 1645 1982 conceptissimis
1706 1894 1960 1958 iuravit
2011 1892 2219 1958 verbis
2275 1895 2457 1977 (113,
2519 1894 2672 1976 133)
2731 1900 2829 1956 est

720 2011 791 2074 in
849 2008 1086 2076 Omna.
1145 2007 1396 2074 Cluent.
1443 2031 1550 2075 1v:
1620 2009 1653 2046 “
1689 2010 2023 2096 conceptis
2069 2007 2295 2074 verbis
2341 2010 2639 2094 peierare
2673 2057 2705 2094 ῃ
2760 2016 2829 2073 et

718 2125 790 2190 in
837 2126 1090 2191 PLAu'r.
1149 2124 1394 2192 Cistezl.
1442 2145 1469 2190 1
1519 2124 1679 2190 100:
1731 2125 1765 2162 ³
1816 2127 2147 2210 conceptis
2194 2125 2445 2190 iuravit
2496 2122 2740 2189 verbis.
2792 2173 2823 2210 „

720 2237 1077 2326 congemuit
1125 2243 1256 2327 (23,
1310 2239 1464 2322 100)
1513 2241 1852 2306 invenitur
1898 2240 2075 2326 apud
2123 2238 2364 2306 Omna.
2414 2237 2600 2306 Mur.
2657 2260 2827 2304 xxv:

727 2355 758 2394 “
795 2357 1172 2440 congemuit
1229 2365 1494 2421 senatus
1554 2355 1865 2441 frequens
1915 2404 1946 2441 „
2012 2363 2081 2420 et
2142 2355 2349 2422 Sun'r.
2411 2353 2550 2420 Tib.
2605 2375 2831 2419 xxm:

727 2471 758 2509 ‘¹‘
795 2470 978 2538 velut
1030 2472 1243 2558 impar
1288 2470 1526 2556 dolori,
1581 2471 1975 2555 congemuit.
2035 2518 2068 2557 „
2130 2468 2342 2541 Biatia
2398 2471 2578 2554 (24):
2643 2471 2832 2537 cibus

721 2587 918 2652 unius
949 2586 1105 2653 diei.
1137 2587 1489 2654 Invenitur
1518 2587 1717 2652 etiam
1750 2585 1928 2674 apud
1959 2569 2228 2652 HoaA'r.
2261 2608 2357 2673 ep.
2391 2573 2439 2650 1‘
2469 2587 2585 2651 14:
2627 2588 2657 2625 “
2686 2609 2835 2652 cum

724 2701 935 2768 servis
993 2701 1249 2768 urbana
1305 2701 1524 2768 diaria·
1578 2702 1810 2774 rodere
1869 2702 2083 2767 mavis
2132 2751 2163 2784 η
2242 2711 2307 2767 et
2361 2703 2539 2790 apud
2596 2701 2833 2770 Omna.

725 2816 864 2882 Att.
925 2837 1056 2882 vm
1108 2818 1224 2883 14:
1284 2818 1317 2855 “
1377 2817 1622 2884 Caesar
1669 2819 1756 2882 iis
1809 2816 2043 2883 diariis
2103 2817 2389 2883 militum
2435 2818 2842 2886 celeritatem-

727 2933 983 3004 ineitat.
1011 2982 1041 3019 „
1089 2933 1242 2998 Vox
1288 2941 1388 2998 est
1432 2933 1700 2998 infimae
1743 2931 2095 2999 latinitatis
2140 2932 2431 2999 diarium
2477 2934 2705 3000 eadem
2751 2937 2839 3000 si-

726 3047 1179 3132 gnificatione:
1225 3047 1346 3114 cfr.
1378 3048 1519 3114 Lib.
1565 3048 1873 3115 miracul.
1910 3049 1983 3116 S.
2028 3047 2310 3116 Joannis
2356 3049 2629 3116 Abbatis
2674 3050 2839 3117 Reo-

727 3164 1029 3245 maensis,
1080 3164 1185 3229 721
1214 3164 1245 3203 “
1293 3163 1389 3229 nil
1443 3164 1644 3230 diarii
1703 3187 1967 3251 prorsus
2027 3165 2327 3233 sumebat
2376 3215 2408 3253 „
2482 3164 2703 3238 Divina
2749 3167 2838 3252 (6)

727 3301 885 3364 saga
929 3302 1048 3368 pro
1093 3279 1370 3346 arbitrio
1416 3280 1790 3367 explicatur
1854 3303 1895 3346 a
1938 3281 2334 3348 Buechelero
2381 3284 2453 3347 in
2498 3283 2633 3350 ind.
2682 3283 2842 3350 edit.

728 3399 887 3462 min.
921 3395 1051 3462 Sed
1090 3396 1377 3481 divinus,
1409 3396 1754 3463 divinandi
1780 3406 1848 3462 et
1869 3398 2357 3483 praesentiendi
2404 3400 2542 3464 vim
2572 3397 2843 3482 habens,

730 3513 1072 3578 invenitur
1096 3511 1291 3577 etiam
1316 3512 1494 3598 apud
1519 3511 1933 3610 Ommaffat.
1965 3535 2133 3580 1111:
2166 3502 2204 3553 ἀ
2228 3512 2371 3580 falli
2396 3524 2617 3601 sperat
2648 3514 2845 3582 chal-

731 3626 951 3711 daeos,
1010 3637 1389 3716 ceterosque
1448 3628 1706 3695 divinos
1751 3677 1783 3714 „
1844 3637 1911 3694 et
1964 3629 2137 3716 apud
2180 3630 2459 3697 HonA'r.
2507 3640 2629 3696 sat.
2690 3653 2716 3696 1
2772 3633 2845 3697 6:

738 3742 769 3779 ‘⁴
807 3743 1038 3810 assisto
1083 3743 1350 3809 divinis.
1386 3793 1418 3831 „
1471 3742 1664 3809 Adde
1709 3745 1865 3810 L1v.
1900 3767 1925 3808 1
1972 3746 2079 3812 36.
2118 3743 2581 3827 Gaudimonio,
2617 3747 2845 3834 felici*-

735 3867 863 3924 tate
888 3857 1132 3930 Dissilio
1166 3862 1273 3945 (61
1312 3859 1421 3944 75)
1455 3861 1680 3925 eadem
1713 3858 2028 3927 translata
2058 3861 2539 3946 significatione
2586 3872 2846 3929 exstare

735 3975 896 4040 mihi
949 3974 1217 4042 videtur
1271 3975 1446 4063 apud
1502 3978 1768 4043 HonA'r.
1814 3954 1911 4063 ep.
1960 3998 1985 4041 1
2044 3977 2161 4043 18:
2215 3979 2245 4015 “
2292 3979 2516 4062 gratia
2574 3980 2671 4044 sic
2712 3978 2847 4046 fra·

734 4100 910 4159 trum
954 4092 1361 4178 geminorum
1409 4091 1799 4180 Amphionis
1829 4102 2028 4182 atque
2072 4093 2270 4160 Zethi
2318 4093 2593 4160 dissiliit
2642 4144 2675 4183 „
2726 4094 2847 4163 hoc
