3500 5042
2760 432 2797 486 7

685 574 977 641 unquam
1009 554 1168 635 dare
1212 555 1427 623 voluit
1471 579 1726 644 manus,
1773 560 1869 624 ita
1898 560 2013 646 qui
2060 560 2144 626 ad
2190 561 2446 630 exitum
2492 585 2623 629 non
2653 586 2798 651 per·

683 669 1020 737 duxerunt
1066 670 1366 739 difficiles
1413 662 2005 761 interpretationes,
2055 677 2125 741 in
2170 677 2611 765 corruptelam
2657 702 2800 748 ma-

677 788 1167 875 nuscriptorum
1188 791 1606 878 potiusquam
1634 793 1704 855 in
1728 813 1918 856 suam
1955 794 2373 859 inscientiam
2396 795 2621 861 statim
2644 818 2795 861 con·

677 903 971 971 tulerunt
1013 900 1299 992 culpam.
1360 909 1462 973 Ne
1521 908 1751 998 longus
1812 909 1959 993 sim,
2020 909 2483 998 Hadrianique
2544 911 2799 978 Valesii

674 1020 1006 1108 proferam
1082 1026 1149 1088 in
1210 1023 1524 1112 pleraque
1593 1024 1915 1092 vocabula
1974 1048 2104 1090 non
2162 1026 2353 1092 modo
2412 1026 2588 1112 apud
2650 1028 2797 1093 aevi
2881 1077 2887 1084 ,

676 1138 879 1204 medii
934 1140 1284 1225 scriptores
1347 1141 1460 1205 sed
1524 1141 1726 1206 etiam
1773 1142 1973 1207 seculi
2018 1143 2341 1226 Augustei
2389 1145 2800 1210 occurrentia
2856 1177 2862 1183 ⁷

652 1249 1186 1341 obiurgationes,
1248 1258 1642 1324 Franciscus
1696 1257 2079 1340 Buecheler,
2147 1259 2363 1326 editor
2437 1262 2793 1327 satirarum

675 1371 1240 1458 diligentissimae,
1303 1374 1512 1440 indici
1573 1373 1868 1440 sordium
1929 1374 2522 1463 glossematumque
2580 1375 2797 1443 libelli

673 1485 884 1553 multa
933 1479 1299 1555 immiscere
1353 1512 1485 1555 non
1541 1490 1788 1574 timuit,
1844 1513 2009 1578 quae
2058 1492 2233 1577 apud
2289 1489 2627 1558 Lucilium
2678 1495 2795 1559 Li-

673 1602 990 1692 viumque
1016 1605 1531 1695 Ciceronemque
1562 1628 1756 1695 saepe
1779 1608 2229 1673 inveniuntur.
2254 1609 2451 1692 Ecce,
2476 1607 2797 1696 exemplis

594 1721 598 1724 ⁴
673 1719 994 1786 confirmo
1041 1725 1462 1788 sententiam:
1497 1725 1759 1790 Petron.
1793 1724 1977 1789 satir.
2011 1733 2075 1789 et
2103 1723 2258 1789 libr.
2291 1724 2628 1812 Priapeor.
2662 1733 2791 1791 ter·
2861 1729 2866 1734 ’

676 1826 847 1903 tium
891 1838 1106 1905 edidit
1150 1841 1266 1904 Fr.
1311 1838 1691 1923 Buecheler,
1737 1839 2053 1924 Berolini,
2099 1859 2570 1906 unoconxxxn.

766 1953 1126 2025 Advenllcla
1195 1955 1358 2040 (90),
1436 1954 1686 2038 allusio,
1733 1953 1947 2027 fertur
2000 1955 2070 2019 in
2126 1954 2398 2040 Glossis,
2466 1953 2553 2022 ad
2598 1972 2795 2022 cenae

669 2068 1172 2156 praebitionem,
1219 2091 1387 2158 quae
1434 2071 1825 2136 adventoria
1879 2070 2145 2135 dicitur.
2198 2071 2514 2137 Attamen
2576 2080 2794 2137 exstat

670 2184 1046 2273 exemplum
1094 2187 1390 2255 SUETON.
1453 2186 1671 2252 Vitezz.
1728 2187 1759 2223 α
1786 2186 2225 2252 famosissima
2254 2208 2450 2274 super
2496 2195 2792 2253 caeteras

669 2323 832 2368 cena
862 2303 924 2367 ei
950 2301 1106 2368 data
1136 2302 1512 2368 adventicia
1543 2325 1582 2368 a
1613 2302 1821 2368 fratre
1857 2352 1887 2388 „
1918 2312 1985 2367 et
2010 2302 2247 2368 Omna.
2288 2303 2321 2340 “
2348 2302 2523 2370 bona
2546 2303 2788 2370 adven·
2869 2356 2875 2364 .

673 2418 854 2484 ticia.
901 2467 932 2503 „
997 2418 1250 2484 Verum
1305 2418 1699 2505 interpretes
1749 2418 1862 2483 hic
1912 2418 2236 2483 erravisse
2283 2417 2460 2483 haud
2508 2417 2785 2485 dubium

670 2534 834 2598 mihi
881 2535 1166 2600 videtur.
1216 2535 1385 2599 Nam
1432 2534 1836 2600 adiectivum
1895 2533 2081 2617 illud,-
2128 2533 2304 2622 quod
2350 2556 2574 2614 cenae,
2624 2533 2791 2613 doti,

664 2650 1006 2736 pecuniae,
1038 2649 1236 2734 vulgo
1271 2649 1715 2734 coniungitur,
1756 2671 1874 2734 ego
1908 2671 2139 2715 censeo
2188 2671 2307 2736 per
2351 2650 2633 2715 ironiam
2679 2649 2793 2715 ab·

663 2773 908 2832 stracta
951 2765 1434 2850 significatione
1467 2767 1854 2852 cuiusquam
1891 2767 2268 2853 inopinatae
2298 2764 2637 2831 molestiae
2682 2765 2796 2829 hic

668 2904 808 2947 esse
856 2881 1249 2948 adhibitum.
1283 2883 1600 2967 Encolpio
1647 2882 1846 2947 nimis
1897 2904 2117 2947 amare
2163 2881 2515 2968 respondet
2559 2889 2789 2967 poeta:

669 2997 702 3034 “
737 2999 993 3085 quoties
1026 2997 1375 3081 theatrum,
1406 3005 1484 3063 ut
1516 2999 1864 3062 recitarem
1911 2996 2163 3086 aliquid
2189 2999 2458 3080 intravi,
2492 2996 2654 3062 haec
2684 3020 2790 3063 me

662 3111 1042 3179 adventicia
1065 3114 1368 3198 excipere
1399 3111 1776 3199 frequentia
1806 3115 1986 3178 solet.
2028 3162 2058 3199 „
2096 3115 2188 3179 Et
2219 3113 2449 3178 eadem
2492 3112 2792 3178 illusis-ns

663 3231 746 3294 de
792 3228 1115 3315 Eumolpo
1184 3229 1528 3312 recitante,
1582 3229 1646 3290 in
1691 3249 1883 3315 quem
1930 3226 2183 3313 lapides
2229 3229 2501 3293 mittunt
2546 3234 2788 3315 spatiaa

661 3351 856 3430 tores,
905 3344 1154 3410 dictum
1187 3351 1286 3408 est
1317 3347 1483 3429 (cap.
1519 3344 1666 3425 90):
1707 3345 1738 3381 ‘¹‘
1770 3353 1837 3407 at
1873 3343 1999 3427 ille,
2034 3346 2148 3430 qui
2190 3343 2490 3431 plausum
2538 3345 2786 3429 ingenii

663 3461 764 3524 sui
811 3468 1108 3543 noverat,
1157 3460 1416 3546 operuit
1459 3468 1680 3544 caput.
1715 3509 1745 3545 „
1785 3461 1863 3553 In
1913 3458 2145 3525 balneo
2193 3459 2588 3550 is-vapulat,
2635 3466 2796 3547 quia

661 3585 934 3641 conatus
967 3575 1146 3641 circa
1176 3575 1412 3649 solium
1443 3574 1825 3640 sedentibus
1850 3597 2113 3641 carmen
2138 3577 2423 3642 recitare
2454 3580 2625 3662 (cap.
2660 3574 2792 3670 &HQ

663 3693 755 3759 Et
802 3692 941 3777 ipse
987 3713 1118 3757 non
1163 3689 1362 3756 semel
1409 3691 1771 3777 quaeritur,
1798 3692 1956 3778 quia

944 3824 1073 3880 sola
1107 3821 1405 3896 pruinosis
1439 3821 1643 3879 horret
1676 3821 1959 3879 facundia
1993 3823 2205 3896 pannis

944 3926 1123 3994 atque
1157 3920 1322 3995 inopi
1342 3919 1563 3992 ,lingua
1598 3919 1867 3977 desertas
1903 3920 2144 3978 invocat
2180 3926 2340 3979 artes
2378 3921 2529 3996 (cap.
2564 3921 2676 3996 83).

749 4037 956 4124 Quid,
1019 4041 1073 4104 si
1131 4061 1542 4127 quocumque
1598 4041 1726 4105 iret
1785 4049 2000 4127 poeta,
2064 4063 2292 4106 cenam
2348 4041 2788 4108 adventiciam

658 4177 972 4223 reverens
1017 4155 1389 4252 apponebat
1419 4153 1742 4242 populus?
1803 4155 2147 4227 Ambubaia
2194 4157 2334 4242 (74)
2381 4159 2668 4226 occurrit
2716 4161 2784 4222 in
