3500 5042
2626 386 2699 443 29

641 521 821 591 lpslml
874 519 1010 592 (63).
1059 518 1334 600 Ipsimm,
1382 524 1478 576 est
1523 518 1817 590 dominus,
1864 524 1934 574 ut
1991 517 2310 590 diligenter
2366 518 2699 577 illustravit

571 619 899 678 Buecheler
936 616 1021 689 (in
1055 622 1177 674 not.
1198 617 1341 674 edit.
1358 616 1534 691 mai):
1563 624 1607 673 ‘‹<
1629 621 1902 690 ipsumus
1938 617 2039 673 vel
2072 619 2324 688 ipsimus
2362 621 2423 674 et
2456 619 2697 688 ipsuma

573 716 753 772 etiam
786 717 849 772 in
883 715 1316 788 posterioribus
1371 715 1646 772 dominus
1685 721 1748 771 et
1785 714 2022 772 domina
2054 721 2364 772 vocantur.
2403 715 2686 772 Plautina

574 832 749 872 serva
789 814 854 870 in
888 813 1106 870 Casina
1138 829 1204 870 1v
1235 815 1272 869 2
1311 814 1403 868 11:
1433 831 1546 886 ego
1585 831 1653 870 eo
1692 831 1809 886 quo
1845 832 1941 870 me
1977 816 2115 885 ipsa
2150 812 2333 885 misit,
2356 812 2421 869 id
2456 818 2551 870 est
2590 811 2693 868 do-

572 903 766 985 mina,'
787 912 944 986 ἀυτή.
975 911 1247 968 Catullus
1284 912 1357 968 de
1392 929 1667 985 passere:
1719 929 1891 968 suam
1924 917 2098 968 norat
2132 911 2325 984 ipsam
2371 916 2499 967 tam
2546 911 2697 968 bene

573 1029 746 1084 quam
791 995 995 1085 puella
1027 1015 1296 1082 matrem,
1343 1010 1503 1066 idem
1537 1010 1611 1066 de
1657 1009 1884 1066 deliciis
1935 1009 2091 1066 suis:
2138 1027 2273 1066 mea
2320 1008 2511 1066 dulcis
2546 1011 2701 1082 Ipsi-

481 1131 497 1146 *
574 1111 724 1166 tilla.
762 1108 911 1164 Oum
947 1109 1281 1180 antiquitus
1317 1110 1444 1180 ipse
1477 1109 1845 1184 pyrrichium
1882 1114 2202 1182 aequasset
2215 1126 2266 1180 p
2288 1107 2494 1165 littera
2521 1105 2608 1164 sic
2630 1112 2701 1164 ut

573 1207 636 1262 in
654 1209 957 1279 voluptate
976 1213 1264 1281 correpta,
1287 1213 1424 1281 post
1444 1208 1854 1264 adsimilantes
1874 1210 1989 1269 isse
2012 1206 2475 1280 pronuntiabant
2491 1207 2697 1278 vulgo.

576 1305 656 1361 Et
692 1305 1008 1378 Augustus
1047 1305 1284 1378 quidem
1321 1299 1668 1363 tradebatur
1703 1307 1906 1378 legato
1958 1307 2259 1363 consulari
2294 1321 2699 1362 successorem
2725 1373 2731 1378 ¹

574 1402 846 1461 dedisse:
871 1411 942 1460 ut
976 1404 1113 1460 rudi
1149 1410 1210 1462 et
1246 1404 1501 1476 indoct0‚
1540 1405 1711 1461 cuius
1745 1422 1930 1461 manu
1964 1407 2071 1462 issi
2111 1408 2251 1476 (non
2277 1406 2385 1476 ixi)
2433 1421 2541 1476 pro
2583 1405 2703 1474 ipsi

579 1503 871 1575 scriptum
906 1501 1446 1574 animadvertisset,
1488 1502 1553 1558 id
1587 1503 1746 1575 quod
1781 1503 2112 1559 mirabatur
2160 1485 2480 1558 Suetonius
2519 1500 2702 1575 (Aug.

575 1601 693 1674 88).
736 1601 852 1656 Sed
885 1601 1154 1674 proximo
1193 1603 1434 1657 saeculo
1469 1601 1682 1658 doctus
1718 1601 2015 1658 Martialis
2052 1617 2078 1656 1
2113 1601 2247 1656 109:
2297 1603 2435 1657 Issa
2461 1607 2554 1656 est
2597 1598 2696 1654 de-

579 1698 825 1756 deliciae
875 1700 1091 1755 catella
1125 1699 1316 1771 Publi,
1367 1705 1428 1755 et
1465 1699 1726 1773 compari
1762 1717 1907 1756 sono
1945 1699 2278 1762 delectatus
2320 1703 2564 1772 argute:
2614 1701 2700 1752 ta-

576 1797 736 1854 bella
768 1797 831 1852 in
867 1815 985 1870 qua
1019 1803 1144 1854 tam
1182 1797 1436 1855 similem
1471 1797 1709 1854 videbis
1733 1801 1923 1856 issam
1963 1804 2034 1854 ut
2072 1798 2151 1854 sit
2187 1803 2314 1854 tam
2350 1795 2561 1853 similis
2588 1794 2704 1852 sibi

573 1912 686 1952 nec
736 1898 892 1968 ipsa,
937 1895 1001 1952 id
1025 1902 1118 1952 est
1160 1898 1303 1954 issa.
1339 1897 1434 1952 Ibi
1470 1895 1572 1968 qui
1609 1897 1844 1953 codices
1881 1889 2019 1968 2⁹de
2054 1902 2118 1952 et
2148 1899 2277 1954 issa
2314 1895 2700 1966 confundunt,
2782 1918 2789 1926 ·

575 1993 758 2050 medii
803 1993 937 2051 aevi
988 1996 1206 2050 malam
1262 1993 1659 2051 elocutionem
1713 1999 2016 2051 secuntur.
2062 1993 2229 2051 Ollae
2286 1993 2701 2065 cineribusque

580 2092 816 2165 puellae
866 2091 1221 2165 inscriptum
1265 2097 1382 2150 est:
1412 2095 1536 2152 issa
1559 2093 1733 2164 haue,
1770 2099 1842 2149 ut
1881 2092 2017 2149 aliis
2051 2092 2477 2150 monumentis:
2505 2091 2703 2148 anima

577 2188 937 2261 dulcissima,
963 2191 1088 2247 vel:
1109 2189 1472 2247 suauissima
1505 2191 1689 2262 haue;
1713 2189 1777 2246 in
1812 2191 2000 2247 muris
2027 2190 2405 2263 Pompeianis
2442 2189 2665 2262 legitur
2678 2207 2699 2244 ,τ

573 2289 746 2361 Euge
765 2291 908 2360 issa,
929 2295 1013 2345 et:
1038 2289 1325 2362 Aprodite
1343 2292 1492 2359 issa;
1512 2289 1795 2346 Claudiae
1813 2290 1969 2346 Gelli
1988 2295 2049 2346 et
2063 2289 2340 2345 Fuluius:
2362 2292 2519 2346 issae
2540 2306 2704 2360 suae,

577 2387 808 2460 Aponio
845 2389 1088 2446 trimulo
1123 2389 1342 2445 infanti
1364 2389 1613 2446 Flauius
1641 2395 1702 2445 et
1725 2388 2005 2462 Apronia,
2028 2391 2214 2445 issulo
2241 2394 2302 2444 et
2326 2387 2537 2445 delicio
2564 2404 2705 2443 suo:

576 2485 849 2543 fecerunt
887 2487 1148 2543 titulum.
1185 2489 1320 2545 Non
1353 2488 1571 2544 mirum
1605 2485 1903 2544 deflexum
1927 2507 1963 2544 a
1986 2487 2321 2544 reverentia
2344 2486 2730 2552 vocabulum,

579 2601 712 2640 esse
749 2584 827 2639 ad
861 2584 1185 2642 blanditias
1220 2602 1414 2658 neque
1451 2591 1749 2643 mutatum
1784 2589 1910 2658 ipse
1944 2585 2007 2641 in
2044 2589 2159 2643 isse
2196 2586 2249 2641 si
2284 2602 2533 2642 russum
2569 2601 2711 2639 cum·

578 2699 823 2740 rursum
856 2688 963 2739 aut
988 2701 1218 2754 passus
1242 2702 1378 2740 cum
1387 2701 1627 2756 pansus
1650 2689 1758 2742 aut
1780 2687 2061 2742 sussulite
2098 2702 2235 2740 cum
2268 2685 2543 2757 supsilite
2567 2700 2702 2739 con-

578 2781 898 2838 tendimus.
914 2800 952 2837 ›

1589 3205 1692 3252 L
1721 3214 1729 3221 .

648 3392 1026 3468 Lactlculosus
1048 3391 1184 3466 (57).
1209 3391 1325 3458 Qui
1346 3392 1422 3447 ab
1445 3390 1728 3449 uberibus
1754 3391 1951 3465 coepit
1972 3390 2283 3449 removeri.
2302 3391 2502 3448 Habet
2526 3390 2705 3449 etiam

578 3488 954 3562 Ducangius3
978 3491 1211 3545 nullum
1235 3507 1459 3562 verum,
1496 3489 1614 3546 nisi
1648 3489 1930 3562 Petronii,
1958 3496 2159 3547 exstat
2180 3490 2535 3565 exemplum.
2559 3491 2646 3548 Ut
2669 3508 2706 3546 a

578 3593 757 3660 metu,
795 3587 1203 3659 meticulosuS,
1240 3588 1328 3643 ita
1365 3607 1402 3645 a
1424 3574 1598 3660 lacte,
1624 3588 2012 3645 lacticulosus
2050 3588 2291 3644 Habent
2335 3588 2586 3646 Glossae
2610 3605 2706 3644 ve-

579 3691 757 3742 teres·
784 3706 820 3742 «
843 3688 1040 3743 Avere
1077 3686 1124 3741 il
1158 3687 1307 3742 latte
1345 3687 1465 3742 alla
1499 3686 1683 3743 boc'ca
1705 3706 1740 3741 »
1767 3687 2092 3762 etiamnum
2117 3685 2333 3743 dicitur
2349 3703 2456 3759 per
2482 3685 2705 3742 metha·

576 3782 825 3855 phetam
857 3784 934 3848 ,ab
970 3784 1145 3841 Italis
1173 3783 1515 3858 (FANFAM).

652 3938 912 4003 Laecasin
951 3937 1069 4011 (42)
1109 3937 1202 3993 Ex
1253 3953 1466 4010 graeco
1505 3936 1799 4010 λαικάζειν,
1840 3937 2107 3994 scortari.
2163 3937 2282 3994 Gfr.
2344 3937 2603 3994 Martial.
2658 3953 2707 3993 11

581 4033 685 4090 59:
725 4053 761 4089 ‹
784 4033 1108 4092 leichazein
1145 4035 1394 4109 cupidae
1430 4033 1588 4093 dicet
1625 4036 1944 4110 avaritiae3
1969 4056 2001 4092 »
2045 4035 2144 4094 hic
2188 4052 2397 4094 verum
2434 4035 2705 4110 λειχάζειν

579 4133 791 4191 fellare
830 4132 1146 4204 significat.
