3500 5042
800 458 864 514 10

797 595 971 661 tatis.
1008 593 1322 660 Alienum
1350 598 1649 664 mortuum
1687 593 1964 680 plorare
2000 594 2162 679 (54).
2194 595 2546 663 Invenitur
2577 594 2754 682 apud
2784 597 2899 665 01-

791 731 944 777 cmz.
1005 719 1172 778 orat.
1229 733 1254 776 1
1315 709 1398 776 57
1416 732 1432 775 :
1487 711 1520 748 α
1568 708 2014 777 defensionem
2060 719 2619 794 testamentorum,
2666 733 2743 778 ac
2786 736 2899 780 vo·
2976 725 2989 731 “

790 826 1062 924 luntatis
1108 837 1534 894 mortuorum.
1565 877 1597 914 „
1651 826 1936 897 Mundum
1972 828 2209 914 frique
2254 828 2596 914 habuimus
2644 829 2787 913 (41)
2834 828 2901 894 id

789 953 888 1010 est
931 943 1109 1010 haud
1185 943 1486 1030 pluvium
1560 953 1629 1010 et
1688 943 2103 1010 lutulentum.
2182 946 2311 1009 Per
2370 944 2649 1011 similem
2694 953 2902 1011 meta-

787 1059 1062 1146 phoram
1094 1062 1274 1126 canit
1305 1059 1500 1128 Ovln.
1533 1061 1715 1126 Fast.
1764 1081 1849 1125 111
1896 1061 2061 1127 668:
2101 1060 2132 1098 “
2167 1062 2429 1146 Pauper
2459 1061 2575 1126 sed.
2619 1061 2900 1128 mundae

785 1175 1158 1242 sedulitatis
1204 1198 1390 1243 anus,
1430 1225 1461 1263 „
1518 1176 1674 1243 Sive
1707 1174 1929 1265 planus
1961 1177 2122 1262 (82),
2157 1175 2326 1265 plani
2358 1177 2566 1263 (140).
2599 1178 2662 1244 A
2694 1178 2898 1244 Plano

783 1295 1056 1375 trienne,
1104 1293 1184 1359 de
1239 1292 1358 1358 cfr.
1415 1293 1554 1359 vid.
1599 1294 1869 1359 Honm.
1924 1293 2055 1381 Ep.
2096 1315 2122 1358 1
2175 1295 2276 1359 17.
2319 1295 2669 1360 Invenitur
2722 1295 2895 1380 apud

784 1384 1022 1475 Omna.
1097 1407 1349 1474 Cluent.
1413 1431 1607 1475 xxv1:
1685 1411 1716 1448 ‘⁴
1775 1409 1886 1475 ille
1954 1409 2189 1497 planus
2250 1410 2793 1497 improbissimus.
2860 1461 2891 1499 „

783 1523 1088 1596 pullarius
1119 1527 1279 1614 (43),
1309 1525 1742 1604 παιδεραστής
1783 1526 2153 1612 explicatur
2200 1550 2240 1592 a
2284 1526 2681 1594 Buechelero
2728 1527 2895 1613 glos-

781 1642 1000 1728 sisque
1033 1643 1401 1709 Philoxeni.
1437 1645 1618 1727 Quid
1652 1643 1796 1708 ita?
1829 1645 1964 1726 Qui
1998 1665 2033 1708 e
2064 1652 2258 1729 pastu
2303 1643 2630 1728 pullorum
2675 1642 2898 1729 captat

781 1762 1074 1847 auspicia
1121 1769 1395 1826 vocatur
1451 1760 1771 1847 pullarius
1802 1783 1857 1854 ⁵a
1906 1746 2142 1825 Omns.
2180 1759 2409 1824 Divin.
2453 1781 2509 1825 11
2556 1761 2671 1825 34:
2728 1762 2760 1798 “
2796 1769 2895 1826 at-

779 1876 932 1962 tulit
976 1877 1046 1940 in
1092 1899 1295 1941 cavea
1323 1864 1537 1963 'pullos
1585 1877 1642 1940 is
1673 1877 1788 1964 qui
1836 1899 1921 1941 ex
1965 1898 2041 1942 eo
2087 1877 2463 1941 nominatur
2508 1874 2829 1962 pullarius
2854 1926 2884 1963 „

655 1979 666 1988 ’
778 2003 846 2059 et
890 2016 930 2057 a
974 1994 1130 2058 L1v.
1162 2015 1211 2056 x
1241 1994 1356 2058 40:
1392 1993 1422 2029 “
1457 1991 1682 2057 consul
1713 1991 2069 2078 pullarium
2102 1993 2171 2056 in
2212 1995 2561 2076 augurium
2593 1993 2824 2058 mittit.
2856 2042 2887 2079 „
2989 1983 2991 1988 ’

779 2108 942 2175 Post
1002 2120 1059 2174 te
1110 2132 1240 2174 ‘non
1300 2107 1568 2197 respicis
1620 2108 1781 2192 (57).
1837 2110 1960 2208 Est
2021 2107 2258 2173 CICER.
2316 2109 2386 2172 in
2456 2097 2645 2173 Tusa}
2706 2105 2752 2173 ⁸V
2814 2111 2891 2176 2:

783 2225 814 2263 “
851 2224 984 2291 tam
1009 2224 1199 2311 longe
1223 2234 1398 2290 retro
1423 2225 1747 2312 respicere
1793 2247 1925 2289 non
1956 2233 2245 2310 possunt.
2275 2273 2305 2310 „
2336 2225 2626 2311 Larqior
2655 2241 2893 2296 scaena

774 2343 959 2425 (117)
1006 2365 1125 2428 pro
1173 2352 1516 2428 apparatu,
1563 2342 1802 2426 specie,
1858 2342 2293 2406 ostentatione
2340 2343 2723 2427 cuiusquam
2769 2344 2889 2424 rei,

774 2460 1113 2524 invenitur
1159 2458 1335 2544 apud
1380 2458 1668 2525 Apum.
1705 2458 1999 2524 Somou.
2042 2465 2109 2522 et
2153 2459 2389 2523 TAorr.
2430 2456 2605 2521 Ama.
2649 2478 2767 2522 x1v
2816 2459 2884 2523 7:

779 2575 810 2612 “
845 2597 1150 2640 scaenam
1195 2575 1494 2639 criminis
1526 2595 1782 2659 parare.
1813 2623 1844 2660 „
1896 2572 2089 2644 Sioua
2140 2572 2353 2643 sobria
2398 2573 2537 2658 (57)
2584 2574 2687 2638 usi
2735 2584 2888 2640 sunt

766 2714 885 2778 per
933 2669 1377 2777 metaphoram
1424 2702 1490 2755 et
1537 2689 1776 2768 Omma.
1826 2691 1894 2754 in
1943 2689 2153 2755 Acad.
2186 2711 2259 2755 1v
2306 2691 2419 2755 27:
2482 2696 2511 2732 α
2558 2688 2888 2755 dormien-

768 2810 934 2873 tium
981 2816 1048 2872 et
1078 2805 1517 2871 vinolentiam
1550 2815 1615 2872 et
1648 2806 2041 2898 furiosorum
2072 2808 2217 2873 visa
2250 2805 2681 2873 imbecilliora
2726 2828 2886 2892 osse,
2932 2825 2939 2831 ·

769 2944 964 3011 quam
995 2922 1442 3006 vigilantium,
1491 2924 1835 3007 siccorum,
1868 2945 2173 2990 sanorum
2204 2973 2235 3010 „
2272 2923 2359 2989 id.
2408 2923 2561 2988 ibid.
2595 2925 2625 2960 α
2656 2923 2884 2989 eadem

768 3039 1239 3125 approbatione
1263 3038 1537 3124 faciunt,
1564 3062 1692 3127 qua
1715 3038 1918 3105 sobrii
1944 3089 1975 3126 „
1998 3049 2064 3104 et
2088 3042 2342 3106 Pmoun
2366 3042 2435 3104 in
2453 3039 2639 3105 Asin.
2660 3061 2705 3106 v
2731 3062 2785 3106 11
2810 3042 2882 3106 6:

772 3156 802 3193 “
856 3178 1073 3222 meum
1119 3155 1340 3221 virum
1395 3155 1493 3236 fui
1549 3166 1714 3238 rata,
1762 3156 2029 3240 siccum,
2077 3154 2278 3241 frugi,
2328 3159 2790 3222 continentem.
2845 3207 2875 3243 „

777 3271 904 3340 Cui
935 3278 1255 3343 vecturam
1290 3272 1581 3339 debemus
1617 3275 1801 3357 (101)
1836 3296 1953 3360 pro
2002 3275 2285 3340 traiectu
2333 3275 2673 3339 invenitur
2706 3275 2881 3360 apud

766 3387 1004 3456 CICER.
1063 3388 1149 3454 acl
1204 3389 1341 3454 Att.
1393 3410 1418 3453 1
1468 3392 1541 3455 3:
1598 3391 1647 3434 “·
1679 3391 1975 3456 misimus
2026 3392 2139 3478 qui
2186 3412 2302 3476 pro
2352 3400 2625 3456 vectura
2670 3390 2884 3457 solve-

765 3515 887 3572 ret.
923 3555 955 3593 „
996 3506 1103 3570 Ita
1149 3504 1420 3590 Caesar,
1465 3506 1542 3571 de
1569 3504 1734 3582 bello
1779 3505 1944 3593 gall.
1992 3529 2037 3573 v
2084 3510 2155 3574 8:
2196 3509 2227 3547 “
2255 3509 2550 3575 vectoria
2594 3509 2803 3574 navis.
2841 3555 2874 3595 „

3466 3489 3468 3492 Α
3468 3251 3471 3422 —.
3412 2823 3475 3192 -ψ-,ὶμ
