3500 5042
716 412 753 468 4

721 546 1138 634 responsione
1155 543 1376 612 futiles
1407 544 1939 612 adversariorum
1973 544 2370 612 obiectiones
2400 549 2661 613 evertit.
2686 547 2837 614 Non

715 655 888 729 'nulli
935 663 1006 727 in
1060 645 1282 727 satiris
1327 669 1591 726 exstant
1651 661 2151 728 amanuensium
2196 684 2485 748 eri-orest,
2544 669 2839 728 monstra

722 776 1076 843 verborum
1121 799 1252 843 non
1298 775 1478 844 aliud
1510 799 1649 842 esse
1680 776 2015 860 videntur,
2046 777 2179 843 nisi
2206 756 2381 844 nova
2420 778 2689 865 quidem
2719 801 2839 844 vo-

726 892 982 978 cabula,
1012 892 1129 959 sed
1159 916 1195 958 e
1227 893 1407 958 fonte
1437 891 1641 958 latino
1673 914 1993 978 graecove
2023 903 2178 979 apte
2202 893 2515 978 deducta3
2548 894 2838 980 permul-

723 1012 810 1075 tis
855 1008 1146 1092 vocibus,
1181 1030 1344 1096 quas
1391 1010 1670 1074 rusticas
1715 1017 1783 1074 et
1828 1007 2189 1094 singulares
2234 1011 2449 1074 critici
2498 1011 2837 1076 existima·

725 1124 906 1208 bant,
939 1124 1254 1190 Horatius
1278 1122 1386 1189 vel
1411 1123 1643 1190 Cicero
1675 1125 1780 1191 vel
1812 1122 2109 1190 Catullus
2141 1147 2273 1189 non
2303 1124 2501 1190 semel
2526 1125 2629 1190 usi
2662 1133 2844 1192 sunt.
2886 1117 2889 1120 ⁴

727 1241 836 1307 Ita
881 1241 1181 1308 Statilius
1215 1239 1527 1306 stolidum
1557 1241 1875 1329 impetum
1914 1241 2421 1329 criticorumque
2454 1262 2844 1328 oppugnan-

729 1359 896 1422 tium
942 1357 1356 1422 inscientiam
1404 1365 1662 1422 maturo
1717 1331 1964 1423 iudicio
2012 1359 2343 1444 repressit,
2406 1367 2480 1423 ut
2536 1358 2844 1445 deinceps

729 1472 1144 1557 elegantiam,
1205 1471 1674 1555 urbanitatem,
1721 1472 1973 1559 lepores
2018 1481 2087 1540 et
2133 1476 2441 1558 ¹veneres,
2491 1495 2659 1560 quae
2712 1496 2843 1542 non

729 1589 802 1653 in
847 1592 984 1653 uno'
1007 1585 1398 1673 fragmento,
1431 1587 1544 1652 sed
1575 1610 1693 1675 per
1725 1609 1981 1653 omnem
2010 1586 2306 1655 libellum
2338 1587 2616 1675 elucent,
2642 1588 2847 1656 oculis

733 1705 1025 1771 omnium
1067 1703 1444 1772 subiiceret.
1505 1781 1514 1792 .
1615 1731 1622 1750 =

819 1823 1054 1887 Petrus
1107 1823 1546 1905 Burmannus,
1615 1829 1962 1908 postquam
2007 1821 2263 1907 priscae
2326 1821 2736 1909 eloquentiae
2782 1832 2849 1888 et

729 1935 1093 2003 munditiae
1138 1937 1528 2023 petroniana
1577 1935 1863 2020 vestigia
1908 1951 2107 2022 quam
2167 1938 2453 2003 maxime
2503 1959 2841 2003 commen-

734 2052 942 2136 davit,
988 2052 1424 2139 corruptelam
1469 2053 1784 2118 sermonis
1830 2051 2059 2118 subtili
2106 2053 2355 2119 iudicio
2416 2055 2685 2119 Petroni
2731 2053 2847 2120 ad·-

733 2167 1020 2234 scribere
1065 2177 1337 2234 conatus
1383 2177 1513 2250 θεῇς
1559 2170 1674 2254 qui
1721 2169 1791 2233 in
1837 2168 2093 2234 colonia
2144 2191 2487 2256 campana,
2542 2168 2847 2254 Neapoli,

734 2293 809 2349 ut
854 2304 973 2367 ego
1020 2283 1326 2367 arbitror,
1387 2283 1674 2348 abiectos
1722 2281 2120 2367 collibertos,
2164 2284 2380 2350 ebrios
2412 2285 2848 2368 centonarios,

732 2400 1086 2482 magistros
1129 2419 1289 2484 prae
1334 2420 1486 2463 suas
1529 2396 1756 2464 literas
1802 2397 2041 2483 fatuos,
2087 2399 2521 2492 semigraecos
2546 2419 2667 2464 sua
2696 2385 2850 2464 stri-'-

734 2514 987 2600 bligine
1031 2523 1099 2579 et
1145 2512 1436 2579 balbutie
1481 2513 1823 2598 notabiles,
1856 2513 2211 2600 diligenter
2256 2515 2527 2599 effingit.
2566 2513 2759 2597 Quod
2792 2516 2849 2578 si

733 2652 944 2717 pauca
991 2629 1312 2717 quaedam
1365 2629 1474 2695 hic
1520 2630 1657 2696 illic
1712 2641 2086 2716 occurrunt,
2133 2631 2336 2698 etiam
2384 2634 2455 2697 in
2498 2641 2687 2719 parte
2732 2631 2850 2698 ubi

735 2747 1084 2812 Petronius
1139 2747 1278 2832 ipse
1324 2748 1427 2811 sui
1482 2747 1800 2812 sermonis
1859 2757 1957 2812 est
2001 2756 2253 2830 auctor,
2300 2769 2467 2835 quae
2512 2747 2690 2815 nullo
2737 2772 2855 2816 ve-

736 2872 951 2928 terum
975 2861 1272 2948 exemplo
1297 2849 1649 2950 approbari
1683 2865 1953 2950 possint,
1987 2863 2205 2928 facilis
2238 2873 2338 2930 est
2367 2863 2466 2932 illi
2490 2867 2850 2952 responsio,
2906 2841 2913 2850 ¹

737 3001 886 3045 cum
933 2978 1149 3045 nullus
1195 2980 1282 3046 sit
1313 2981 1385 3044 in
1416 2981 1592 3045 omni
1625 2981 2027 3067 antiquitate
2072 2981 2373 3066 scriptor,
2404 2982 2517 3068 qui
2550 2996 2684 3047 non
2715 2981 2842 3048 sibi

739 3095 1062 3184 quaedam
1109 3096 1380 3180 propria
1423 3083 1490 3160 et
1535 3095 1900 3181 peculiaria
1928 3105 2066 3162 tam
2113 3098 2183 3162 in
2228 3095 2503 3163 vocibus
2547 3099 2847 3184 singulis,

741 3232 939 3298 quam
965 3212 1034 3276 in
1057 3213 1372 3278 universa
1397 3211 1704 3294 dictione,
1728 3183 1989 3277 habeat.
2016 3213 2099 3277 In
2122 3213 2322 3277 Livio
2345 3214 2852 3299 patavinitatem

741 3325 1272 3413 deprehendebat
1316 3325 1560 3410 P011i03
1607 3327 1688 3392 de
1737 3326 2076 3393 Ciceronis
2122 3328 2569 3414 singularibus
2599 3329 2845 3396 librum

747 3444 1012 3528 scripsit
1058 3442 1358 3508 Statilius
1404 3444 1762 3507 Maximus.
1808 3444 2185 3530 Propterea,
2238 3452 2315 3509 ut
2368 3466 2489 3529 ego
2540 3447 2856 3533 suspicor,

742 3559 1204 3646 petronianum
1250 3557 1582 3645 eloquium
1627 3558 1821 3624 valde
1867 3559 2212 3646 inaequale
2244 3559 2711 3626 Tiraboschius
2742 3582 2854 3626 no·

745 3683 877 3739 ster
923 3676 1232 3759 agnovit3
1279 3674 1653 3760 improbum
1699 3697 1777 3740 ac
1807 3675 2207 3742 maculosum
2252 3677 2661 3763 vituperavit
2698 3675 2855 3743 Vol-

743 3791 952 3856 tairus
997 3789 1309 3876 mordax3
1355 3790 1568 3856 irrisit
1597 3789 1781 3858 nulla
1816 3812 2084 3878 prorsus
2113 3790 2559 3861 sollicitudine
2584 3793 2859 3878 dignum

745 3907 1115 3974 Leclercus.
2860 3902 2865 3908 ’

833 4023 926 4089 At
971 4046 1127 4090 vero
1173 4023 1298 4089 hae
1328 4025 1570 4090 satirae
1615 3999 1957 4112 nunquam
1987 4022 2441 4092 laudatoribus
2484 4005 2859 4113 cai-uiarum,

746 4140 913 4209 viris
944 4140 1358 4208 doctissimis.
1383 4139 1660 4207 Arbiter
1685 4139 2002 4227 leporum,
2034 4150 2102 4207 et
2125 4141 2333 4210 salsus
2364 4151 2555 4229 pater
2578 4151 2645 4210 et
2674 4141 2860 4210 salax
