3500 5042
597 659 743 702 rum
791 639 1029 704 CIcnR.
1069 637 1286 702 Vatia.
1337 658 1470 702 v11:
1527 637 1557 674 “
1595 637 1664 700 id
1711 646 1786 702 tu
1833 634 1979 719 tibi,
2025 619 2321 718 furcifer,
2368 633 2631 700 sumes?
2666 683 2697 722 „

597 764 678 818 ete
705 757 1016 821 TERENT.
1064 753 1241 817 Eun.
1289 755 1352 818 V
1400 773 1454 817 11
1501 753 1621 818 22:
1678 754 1708 790 “
1746 750 2041 836 debeam,
2083 751 2298 833 credo,
2355 751 2467 816 isti
2513 750 2707 838 quid-

597 891 792 956 quam
841 865 1206 933 furcifero?
1254 871 1348 933 ita
1380 870 1449 933 in
1486 867 1827 933 mulierem
1874 877 2050 932 recte
2082 866 2429 932 Petronius
2473 869 2705 933 utitur.

597 983 835 1056 Hilarla
879 1007 1059 1050 mera
1112 985 1242 1050 sint
1287 986 1425 1068 (61)
1459 1007 1576 1070 pro
1608 983 1717 1048 die
1772 1004 1965 1068 quem
2026 983 2096 1048 in
2149 980 2460 1048 honorem
2506 983 2707 1048 Isidis

600 1103 828 1165 matris
874 1100 1156 1168 deorum¹
1186 1102 1466 1166 Romani
1512 1097 1955 1183 celebrabant,
1995 1097 2080 1163 ab
2124 1097 2343 1182 hilari,
2374 1107 2707 1187 tamquam
2790 1106 2795 1112 ’

597 1215 889 1281 laetitiae
957 1216 1326 1299 exordium,
1373 1217 1573 1282 etiam
1642 1216 1907 1302 scripsit
1974 1216 2279 1282 MAcRon.
2356 1214 2632 1282 Satura.
2681 1239 2708 1283 1

599 1335 718 1398 21:
773 1333 804 1371 “
863 1315 1310 1398 simulatione·
1344 1331 1560 1397 luctus
1631 1340 1920 1418 peraeta,
1986 1330 2355 1398 celebratur
2420 1331 2711 1400 laetitiae

599 1448 945 1514 exordium
992 1470 1051 1513 a.
1097 1447 1162 1513 d.
1211 1457 1514 1513 octavum
1575 1446 1726 1513 Kal.
1789 1449 1953 1534 Apr.
2002 1468 2198 1534 quem
2242 1449 2418 1513 diem
2464 1447 2707 1516 hilaria

600 1564 956 1652 appellant.
979 1614 1009 1651 „
1051 1565 1268 1646 Quam
1300 1586 1525 1634 vocem
1571 1556 1770 1647 vulgo
1826 1587 1866 1628 a
1911 1563 2165 1650 popello
2212 1563 2395 1629 urbis
2440 1567 2709 1652 provin-

599 1682 870 1768 ciaeque
916 1702 1055 1746 esse
1087 1679 1472 1767 adhibitam,
1505 1681 1628 1746 etsi
1662 1680 1879 1746 desint
1910 1680 2213 1767 exempla
2242 1681 2713 1766 castigatorum

601 1799 1016 1882 scriptorum,
1079 1818 1197 1881 ego
1268 1797 1429 1860 mihi
1499 1796 1878 1882 persuadeo.
1950 1795 2261 1862 Ceterum
2330 1820 2413 1862 ne
2482 1800 2709 1864 inveni

601 1913 861 1999 quidem
909 1914 979 1977 in
1024 1913 1137 1978 Du
1185 1912 1400 1979 Ome.
1457 1911 1746 1978 Glossar.
1780 1913 2028 1978 mediae
2072 1923 2132 1978 ct
2174 1913 2442 1997 infimae
2489 1913 2714 1980 latini·
2828 1942 2845 1966 ι

599 2030 773 2095 tatis.
808 2029 1128 2116 Maqnam
1167 2028 1530 2100 mantissam
1565 2030 1702 2113 (65)
1738 2029 1941 2095 habes
1973 2030 2044 2095 in
2074 2031 2313 2096 Lucu..
2346 2031 2715 2116 fragmento

601 2146 776 2230 apud
822 2142 1001 2210 Fest.
1073 2149 1102 2183 ‘⁶
1159 2147 1476 2210 mantissa
1538 2145 1809 2211 obsonia
1854 2147 2085 2212 vincit.
2144 2197 2174 2234 „
2240 2145 2512 2235 mapalia
2572 2149 2709 2232 (58)

603 2262 897 2326 homines
943 2262 1353 2346 negligentes
1401 2260 1692 2349 explicat
1735 2262 2118 2346 Buecheler,
2166 2263 2323 2328 dum
2370 2265 2441 2329 in
2486 2265 2710 2330 Vnae.

613 2375 845 2464 Geory.
896 2399 978 2442 111
1027 2379 1210 2444 3402-
1247 2380 1277 2416 ‘⁴
1330 2390 1397 2444 et
1449 2380 1619 2443 raris
1673 2377 1971 2444 habitata
2015 2378 2299 2464 mapalia
2346 2382 2535 2445 tecti-s
2569 2431 2601 2468 π
2648 2390 2716 2446 et

601 2495 756 2559 L1v.
807 2516 968 2559 XXIX
1015 2497 1135 2560 31:
1191 2496 1220 2532 “
1274 2493 1565 2561 familiae
1617 2494 1870 2582 aliquot
1916 2518 2065 2560 cum
2119 2495 2489 2581 mapalibus
2520 2519 2709 2583 peco-

515 2585 524 2590 ⁸
599 2609 916 2695 ribusque
964 2611 1102 2674 suis
1157 2659 1188 2696 „
1242 2611 1644 2695 pro‘oasulis
1691 2612 2049 2676 invenitur.
2098 2613 2471 2696 Narratque
2543 2613 2715 2679 SAL-

601 2747 901 2809 LUSTIUS,
966 2723 1127 2812 Juq.
1175 2747 1324 2790 XXI:
1380 2726 1410 2762 ‘¹‘
1459 2725 1765 2790 aedificia
1831 2727 2269 2792 Numidarum
2336 2728 2713 2814 agrestium,

601 2865 768 2929 quae
792 2843 1081 2930 mapalia
1103 2851 1362 2908 vocant.
1385 2892 1416 2930 ῃ
1449 2842 1745 2908 Verbum
1772 2853 1871 2907 est
1894 2867 1929 2908 e
1957 2845 2196 2932 punica
2219 2843 2467 2928 lingua,
2500 2843 2615 2908 sed
2648 2846 2718 2911 in

600 2959 939 3044 civitatem
971 2967 1306 3045 receptum
1336 2981 1691 3023 romanam.
1739 2957 1953 3023 Addit
1984 2959 2221 3024 Festus
2250 2959 2537 3045 mapalia
2582 2959 2717 3025 dici

603 3076 683 3141 de
731 3076 815 3139 iis
861 3075 974 3162 qui
1024 3075 1398 3140 inordinate
1427 3075 1686 3139 vivunt.
1721 3076 1858 3140 Fac
1896 3077 2193 3140 itazesse:
2226 3074 2333 3139 hic
2377 3097 2535 3142 vero
2583 3098 2717 3142 non

601 3213 758 3256 sane
802 3191 1104 3277 quadrat.
1173 3191 1492 3272 Magister
1550 3189 1734 3254 iubet
1790 3189 2144 3275 discipulos
2207 3200 2387 3256 recta
2445 3193 2545 3256 ire
2600 3191 2714 3257 do-

603 3328 800 3388 mum,
847 3315 912 3371 et
957 3305 1212 3373 casulas
1256 3328 1388 3372 non
1432 3327 1805 3390 numerare3
1852 3305 1976 3371 hoc
2020 3315 2119 3371 est
2185 3328 2317 3372 non
2363 3302 2718 3374 subsistere

603 3422 675 3487 in
719 3424 861 3487 via‘:
910 3423 1073 3508 quid
1120 3430 1340 3487 autem
1385 3421 1714 3507 significet
1775 3443 2122 3487 numerare
2167 3419 2461 3488 homines
2510 3423 2717 3506 negli-

603 3548 851 3624 gentes,
920 3538 1223 3625 equidem
1277 3561 1407 3603 non
1467 3537 1784 3622 intelligo.
1846 3539 1927 3602 In
1986 3539 2099 3604 Du
2147 3537 2359 3606 CANG.
2422 3537 2713 3605 Glossar.

604 3655 850 3720 mediae
897 3664 956 3718 et
1014 3653 1280 3736 infimae
1343 3653 1688 3719 latinitatis
1745 3663 1961 3719 monet
2021 3652 2492 3739 Carpenterius
2546 3653 2717 3722 hanc

605 3793 830 3836 vocem
846 3769 1146 3855 Vergilio
1172 3770 1450 3856 aliisque
1479 3771 1742 3836 Latinis
1766 3791 1839 3835 eo
1865 3769 2199 3836 intellecto
2232 3780 2453 3838 notam
2478 3771 2715 3856 fuisse3

605 3896 802 3974 atque
820 3886 982 3952 adeo
999 3909 1038 3952 a
1055 3884 1386 3952 Glossario
1413 3886 1915 3951 amandandam.
1933 3886 2015 3950 N
2008 3909 2089 3951 on
2102 3885 2322 3957 micam
2332 3890 2535 3974 panis
2552 3889 2715 3974 (42),

513 3999 518 4002 ’
607 4013 681 4069 ut
711 4013 810 4070 est
841 4004 1015 4092 apud
1048 4004 1351 4072 GA'ruu..
1376 4027 1574 4070 carm.
1606 4025 1895 4068 LXXXVI:
1922 4005 1953 4040 “
1982 4003 2154 4068 mica
2184 4003 2337 4069 salis
2372 4053 2405 4091 „
2442 4004 2558 4071 sed
2582 4006 2719 4072 sola

607 4124 780 4188 mica
824 4143 943 4209 pro
991 4143 1160 4208 pane
1205 4121 1458 4189 modico
1489 4119 1769 4210 yerbum
1800 4119 2069 4186 videtur
2099 4129 2447 4208 corruptae
2493 4121 2719 4189 latini-
