3500 5042
2737 421 2803 477 21

691 551 921 609 stitisse
958 550 1192 626 opinor3
1230 569 1268 608 a
1302 569 1420 626 qua
1455 527 1732 609 fortassis
1768 551 1921 626 hisp.
1956 555 2202 627 qachon,
2228 555 2513 628 qachona,
2538 553 2810 628 suspicor

693 650 1010 709 derivatas

767 804 1060 864 calcitrosi
1076 802 1209 878 (39).
1229 801 1592 860 calcitrosus
1612 800 1771 859 idem
1780 791 1893 876 'qui
1910 802 2173 876 calcitrO,
2192 802 2296 876 qui
2319 802 2580 861 calcibus
2592 803 2811 878 pulsat.

686 903 863 976 Apud
889 903 1112 960 Colum.
1139 917 1186 958 11
1219 905 1256 959 2
1293 899 1370 958 ad
1393 901 1492 958 fin.
1512 921 1547 957 ‹
1571 907 1999 958 retractantem
2023 891 2553 978 calcitrosumque3
2578 922 2614 958 »
2649 905 2809 976 apud

688 999 824 1074 mp.
843 1001 908 1056 in
933 1001 1071 1074 Dig.
1104 1001 1345 1074 passim.

755 1151 1194 1212 catascerenrius
1231 1151 1460 1227 (39).1d
1497 1122 1595 1209 ese
1638 1151 1817 1208 candi
1866 1152 2117 1210 comba·
2158 1153 2209 1209 E
2262 1151 2494 1212 duabus
2562 1153 2810 1212 vocibus

639 1276 642 1284 ·
683 1267 870 1308 unum
905 1251 1264 1310 vocabulum
1281 1251 1759 1350 ‘continuandum
1797 1256 1907 1307 est.

753 1402 1130 1462 cantabundus
1171 1404 1307 1477 (61).
1345 1402 1622 1477 Cantans,
1662 1367 1700 1458 a
1735 1407 1927 1472 canto,
1956 1409 2027 1459 ut
2063 1402 2523 1460 meditabundus
2562 1421 2599 1460 a
2634 1405 2809 1461 medi-

689 1505 800 1574 tor,
840 1507 952 1558 etc.
1009 1501 1211 1560 Claud.
1250 1501 1470 1568 Quadr.
1511 1504 1670 1574 apud
1707 1501 1858 1558 Gen.
1894 1517 1959 1558 1x
1995 1503 2091 1559 18:
2130 1521 2161 1558 ι
2201 1503 2411 1560 Gallus
2467 1519 2578 1559 sua
2636 1501 2809 1560 disci-

683 1599 863 1674 plina,
901 1605 1073 1658 scuto
1107 1601 1390 1675 proiecto,
1429 1599 1859 1666 cantabundus.
1894 1619 1933 1656 ι

719 1827 728 1836 ·
755 1755 1044 1812 canturire
1079 1753 1216 1828 (64).
1254 1753 1563 1810 Submissa
1595 1769 1742 1810 voce
1781 1715 2203 1810 cantillam-In
2236 1757 2361 1809 not.
2378 1751 2577 1811 Tiron.
2591 1770 2651 1825 p.
2672 1753 2811 1830 1732*

681 1871 720 1910 <
755 1852 1032 1913 canturit.
1049 1871 1088 1906 »
1812 1851 1819 1860 ’

752 2007 1055 2077 capsellam
1095 2005 1230 2079 (67).
1267 2003 1384 2060 Pro
1422 2003 1682 2076 capsula.
1716 2001 1852 2060 Vox
1884 2001 2114 2060 mediae
2146 2001 2485 2060 latinitatis·
2503 2022 2541 2058 ς
2576 1996 2821 2077 ΟαΡΒΘΙᾸ

683 2105 777 2160 lae
813 2105 878 2160 in
915 2103 1130 2177 quibus
1152 2103 1387 2161 fructus
1411 2107 1847 2175 componuntur
1869 2120 1908 2157 ι
1934 2105 2030 2158 est
2054 2100 2213 2174 apud
2235 2099 2575 2175 Ulpianum,
2611 2101 2685 2160 de
2720 2102 2807 2158 in—

685 2207 893 2258 strum.
912 2217 1018 2258 2111.
1078 2239 1082 2245 ·

709 2436 718 2445 ἢ
750 2355 1010 2418 cardeles
1039 2352 1174 2426 (46).
1199 2350 1298 2409 Ita
1333 2351 1640 2408 cardueles
1670 2350 1903 2408 rustico
1946 2367 2219 2408 sermone
2262 2351 2649 2410 vocabantur.
2685 2351 2805 2410 Gfr.

626 2493 634 2499 ⁷
678 2453 807 2509 ital.
827 2447 1109 2511 cao-dello.

749 2625 980 2684 caricae
998 2622 1138 2696 (64).
1157 2620 1336 2679 Ficus
1354 2620 1601 2678 caricae.
1626 2621 1716 2678 De
1735 2618 1959 2677 Cal-icis
1979 2618 2097 2678 vid.
2119 2619 2195 2676 ad
2219 2619 2391 2678 ovid.
2408 2619 2651 2677 Metam.
2669 2633 2801 2690 vm,

677 2724 810 2796 6743
847 2722 1079 2780 Fastor.
1098 2719 1220 2777 185.

743 2892 1056 2949 carnarium
1097 2887 1232 2964 (45).
1253 2889 1388 2945 Non
1421 2886 1570 2944 mihi
1603 2887 1844 2945 videtur
1881 2887 2215 2944 carnarium
2274 2885 2525 2960 antiqua
2578 2885 2805 2960 signifi-

677 2989 908 3053 catione
943 2988 1042 3043 hic
1075 2987 1338 3060 intelligi
1370 3004 1574 3060 posse,
1613 3005 1752 3042 nam
1786 2992 2051 3060 tempore
2090 2985 2363 3060 sequiore
2399 2984 2631 3042 mediae
2672 2985 2813 3040 infi-‘

640 3066 644 3070 ‚
673 3105 926 3162 maeque
959 3086 1278 3142 latinitatis
1316 3086 1648 3142 carnarium
1684 3103 1791 3157 pro
1830 3083 2182 3142 coemeterio
2207 3083 2606 3141 adhibuerunt
2622 3082 2805 3138 inele-

673 3191 890 3263 gantes
927 3185 1276 3257 scriptores3
1313 3203 1384 3240 ac
1421 3200 1566 3241 voce
1605 3189 1883 3256 corrupta
1916 3183 2017 3239 hic
2050 3183 2244 3240 utitur
2278 3181 2507 3239 Echion
2532 3186 2801 3239 centena-

672 3283 821 3340 rius.
874 3283 992 3340 Cfr.
1027 3283 1325 3356 Ducangii
1359 3281 1748 3340 Glossarium.

743 3437 1085 3517 cataphaqae
1123 3435 1260 3510 (39).
1281 3435 1632 3522 Gataphaga
1666 3433 1727 3490 id
1752 3440 1846 3491 est
1884 3452 2075 3506 ganeo
2112 3432 2379 3508 (GLOSS.)
2409 3434 2637 3490 Graeca
2660 3449 2799 3504 vox,

671 3535 1011 3608 καταφαγάς.
2744 3563 2747 3566 ,

744 3705 1110 3774 catastropha
1147 3703 1286 3776 (54).
1321 3703 1377 3758 A
1413 3706 1778 3778 καταστρέφω,
1819 3704 2119 3776 subverto,
2174 3708 2267 3759 est
2314 3675 2640 3773 subversio,
2679 3699 2799 3758 exi-

673 3806 810 3858 tus:
847 3819 967 3859 vox
1003 3821 1040 3857 a
1076 3800 1310 3874 graecis
1346 3800 1684 3858 rhetoribus
1720 3800 1786 3858 in
1821 3799 2073 3857 latinum
2108 3800 2419 3857 translata.

746 3972 1088 4029 catomidiari
1129 3970 1304 4044 (132).
1325 3947 1584 4027 catomis
1624 3964 1869 4027 caedere
1910 3970 2173 4042 (GLOSS.)
2212 3969 2309 4024 Sic
2344 3965 2503 4052 apud
2538 3966 2797 4039 Spartia-

673 4086 818 4124 num
871 4069 1198 4126 Hadrianus
1255 4083 1431 4128 xvm:
1487 4089 1522 4125 ε
1572 4069 1914 4126 decoctores
1951 4069 2241 4126 bonorum
2276 4084 2523 4125 suorum
2558 4063 2797 4122 catomi-

672 4166 824 4224 diari
857 4167 922 4224 in
957 4169 1353 4242 amphiteatro
1389 4168 1586 4227 iussit.
1605 4188 1642 4225 »
1678 4167 1799 4226 cfr.
1819 4169 2077 4226 Gronov.
2100 4167 2349 4226 Observ.
2368 4181 2433 4225 Ν
2470 4165 2558 4226 13.
