3500 5042
2678 410 2755 468 23'

696 548 1000 609 comatoria
1037 547 1176 622 (21).
1230 547 1396 614 Quae
1431 546 1507 603 ad
1543 564 1774 603 comam
1793 544 2279 618 distinguendam
2300 545 2570 604 inservit.
2589 545 2752 602 Acus

623 647 960 719 comatoria,
981 652 1087 703 aut
1108 644 1365 717 crinalis,
1387 643 1969 700 calamistratorium.
1989 642 2169 716 Apud
2199 642 2437 716 Apulei.
2454 643 2754 710 Meu-vm:

623 767 661 803 ς
681 746 816 804 Acu
851 745 1061 802 crinali
1096 745 1170 801 de
1208 743 1402 816 capite
1437 749 1730 816 prompta.
1749 762 1787 798 ι»

703 873 921 930 comula
959 870 1096 944 (58).
1125 867 1578 925 Deminutivum
1616 884 1837 936 comae.
1872 865 2125 939 Legitur
2162 866 2345 923 etiam
2380 867 2540 940 apud
2584 866 2755 924 Gom-

630 969 886 1026 modian:
924 968 996 1025 de
1021 969 1190 1023 instr.
1211 983 1292 1023 Lx
1316 968 1402 1023 11.

697 1095 950 1164 concept!
993 1091 1130 1166 (33).
1179 1090 1516 1164 Conceptus
1553 1109 1660 1163 pro
1697 1090 1869 1147 foetu
1903 1090 2131 1146 latente
2167 1083 2260 1146 est
2296 1088 2456 1164 apud
2495 1091 2735 1147 Sueten.

623 1192 844 1248 Domit.
879 1203 1035 1246 xxn:
1062 1209 1097 1245 ‹
1122 1195 1328 1246 coacta
1382 1195 1732 1262 conceptum
1787 1207 1824 1244 a
1879 1206 1944 1245 se
1998 1188 2240 1262 abigere
2274 1208 2311 1244 θ
2354 1193 2415 1246 et
2451 1189 2610 1262 apud
2646 1189 2751 1245 Go-

623 1289 846 1350 lumelL
883 1288 1035 1346 Plin.
1072 1289 1334 1345 Scribon.
1369 1286 1610 1360 passim.

694 1417 993 1474 convivare
1032 1413 1168 1488 (57).
1214 1411 1287 1468 Id
1333 1417 1426 1469 est
1480 1411 1757 1469 convivia
1809 1411 2025 1468 facere.
2082 1411 2178 1467 Sic
2232 1410 2461 1468 Ennius
2516 1411 2579 1468 in
2632 1416 2743 1468 sat.

627 1533 662 1569 ‹
697 1513 857 1570 Malo
893 1511 1110 1568 Hercle
1167 1529 1275 1568 suo
1330 1527 1547 1583 magno
1605 1509 1883 1604 convivat
1938 1508 2064 1565 sine
2120 1509 2313 1567 modo,
2351 1528 2386 1564 »
2422 1509 2519 1566 Sic
2574 1509 2755 1566 etiam

589 1611 912 1686 ‘Pompom
949 1626 1054 1668 XVI
1089 1610 1178 1668 21.

700 1737 1032 1797 consiliator
1050 1735 1188 1810 (76).
1206 1733 1374 1792 Idem
1411 1739 1473 1791 et
1509 1733 1903 1790 consiliarius,
1923 1730 2101 1806 Apud
2138 1731 2390 1790 Phaedr.
2409 1747 2459 1788 11
2482 1733 2541 1788 6:
2566 1752 2604 1788 ς
2628 1751 2759 1790 con-

628 1835 858 1892 siliator
872 1834 1194 1890 maleficus·
1211 1854 1245 1888 »
1267 1831 1397 1900 Quo
1416 1831 1610 1888 utitur
1630 1831 1812 1888 etiam
1829 1830 2081 1903 Plinius,
2096 1832 2207 1904 Ep.
2224 1847 2303 1902 lv,
2323 1830 2691 1904 Lactantius,
2710 1848 2756 1887 11

609 1939 690 1990 *et
724 1949 802 2004 1v,
840 1933 1092 2004 Interpr.
1111 1931 1321 1988 Iuven.
1341 1936 1454 1987 sat.
1472 1946 1561 1988 vu
1582 1930 1703 1986 124.
1721 1929 1941 1986 Exstat
1958 1928 2021 1985 in
2038 1930 2136 1985 Du
2154 1929 2366 2001 Gangii
2382 1928 2584 1988 Lexic.
2599 1929 2756 1986 med.

627 2035 691 2088 et
724 2030 829 2087 inf.
847 2028 1184 2086 latinitatis.

695 2157 1038 2213 constratum
1056 2154 1228 2227 (100).
1247 2153 1527 2224 Tabulae,
1546 2159 1652 2210 aut
1668 2152 1834 2209 aliud
1852 2152 2155 2226 quidpiam
2174 2157 2561 2210 constratum.
2576 2153 2754 2226 Apud

623 2253 756 2310 Liv.
793 2269 918 2309 xxx
945 2251 1046 2336 *102
1086 2270 1121 2306 ‹
1145 2251 1303 2308 levia
1335 2250 1580 2324 navigia
1615 2251 1727 2308 sub
1767 2251 2089 2307 constratis
2110 2249 2397 2324 'pontium
2431 2268 2538 2326 per
2572 2251 2752 2309 inter·

629 2352 792 2408 valla
827 2351 1238 2446 excurrebant.
1259 2368 1294 2404 »

706 2477 1148 2549 coptoplacentis
1201 2474 1334 2549 (40).
1383 2473 1866 2548 coptoplacenta,
1901 2492 2117 2546 graeca
2152 2493 2293 2533 vox:
2332 2459 2757 2542 κοπτοπλακοῦς,

575 2618 580 2622 -
630 2594 782 2648 quae
820 2580 892 2632 ab
946 2575 1166 2632 Athen.
1201 2589 1307 2630 Ην·
1358 2573 1429 2629 13
1480 2572 1640 2629 inter
1690 2575 1999 2645 placentas
2056 2579 2452 2629 enumeratur.
2490 2574 2756 2630 Adnotat

629 2674 946 2730 Heinsius:
974 2691 1009 2727 ‹
1033 2667 1529 2745 Ooptoplacentae
1554 2671 1912 2729 vocabulum
1938 2670 2314 2730 conservavit
2336 2673 2508 2729 nobis
2545 2678 2753 2728 auctor

629 2772 911 2848 poematii
960 2771 1035 2828 de
1077 2770 1298 2826 iudicio
1346 2770 1471 2826 coci
1518 2776 1580 2825 et
1622 2769 1883 2842 pistoriS,
1920 2768 1983 2824 in
2020 2768 2339 2826 Catalectis
2372 2769 2747 2846 Pithoeanis:

627 2872 753 2927 Nos
789 2869 1043 2926 facimus
1079 2869 1300 2941 populo
1339 2867 1606 2924 studiose
1645 2869 2205 2941 coptoplacentas.»

704 2995 996 3054 Condatem
1020 2993 1133 3068 (52)
1154 2993 1411 3050 Cordax:
1442 2991 1682 3048 saltatio
1712 2992 2058 3049 indecenter
2096 2998 2319 3049 ornata.
2338 2993 2517 3066 Apud
2552 2992 2739 3050 Cicer.

631 3100 779 3150 orat.
813 3093 899 3165 57,
933 3092 1005 3148 de
1030 3092 1335 3148 trochaeo:
1361 3111 1396 3146 ‹
1422 3091 1730 3146 cordacem
1768 3093 2045 3164 appellat.
2067 3111 2101 3146 »
2134 3092 2313 3164 Apud
2342 3091 2587 3158 Quintil.
2630 3109 2694 3146 ix
2720 3092 2758 3146 4

629 3211 667 3261 ᾳ
705 3191 876 3264 eique
919 3189 1185 3246 cordacis
1220 3206 1434 3245 nomen
1470 3188 1719 3261 imponit
1743 3207 1803 3259 ›;
1841 3189 1939 3244 hic
1976 3189 2132 3244 enim
2158 3206 2369 3246 versus
2406 3190 2470 3244 in
2507 3190 2753 3247 cordace

629 3289 1053 3362 usurpabatur.

700 3417 1093 3474 corrotundata
1129 3412 1266 3491 (39).
1285 3413 1565 3469 Rotunda
1602 3413 1779 3468 facta.
1818 3412 1928 3470 Usi
1968 3418 2110 3469 sunt
2163 3413 2279 3469 hoc
2332 3413 2516 3470 verbo
2560 3418 2623 3470 et
2659 3413 2757 3469 Se-

627 3517 778 3571 neca
811 3514 875 3570 in
900 3517 1128 3587 quaest.
1165 3516 1287 3568 nat.
1325 3527 1389 3568 lv
1424 3512 1475 3583 3,
1516 3519 1579 3568 et
1613 3511 1904 3584 Vegetius
1940 3511 2185 3584 passim.

698 3639 976 3712 corymbio
1016 3637 1190 3711 (100).
1227 3637 1608 3710 Corymbium
1645 3642 1739 3692 est
1774 3636 2061 3692 muliebre
2089 3641 2501 3693 ornamentum
2526 3637 2761 3709 capitis.

631 3735 856 3794 Graeca
890 3755 1033 3794 vox:
1071 3737 1374 3810 κώρομβος.
1407 3735 1652 3792 Nullum
1670 3740 1874 3790 exstat
1896 3734 2015 3791 nisi
2040 3733 2307 3790 Petronii
2330 3735 2688 3807 exemplum.

699 3881 962 3940 cruciari!
1001 3878 1178 3953 (112).
1233 3878 1572 3936 Cruciarius
1609 3878 1712 3950 qui
1766 3877 1829 3932 in
1881 3895 2057 3934 cruce
2091 3877 2190 3934 vel
2227 3895 2299 3933 ea
2318 3877 2553 3949 dignu-S,
2594 3877 2757 3935 inve·

625 3978 794 4035 nitur
827 3979 1008 4034 etiam
1043 3977 1203 4051 apud
1237 3977 1470 4050 Apulei.
1490 3977 1735 4034 Metam.
1752 3991 1809 4048 x,
1850 3976 2007 4049 apud
2044 3974 2322 4049 Calpurn.
2340 3975 2602 4032 Declam.
2622 3992 2759 4032 1111

629 4081 692 4134 et
729 4075 887 4149 apud
923 4075 1123 4132 Senec.
1144 4075 1420 4132 Controv.
1440 4090 1513 4130 111
1536 4075 1631 4132 21:
1658 4093 1694 4128 «
1717 4072 1865 4130 fecit
1890 4092 1955 4131 se
1983 4073 2236 4131 similem
2260 4079 2533 4147 tyranno,
2571 4075 2758 4130 filiam

628 4173 837 4249 raptis,
872 4173 1155 4231 libertum
1192 4171 1513 4232 cruciariis.
1533 4193 1569 4228 >
