3500 5042
816 419 950 481 42·

881 559 1183 629 Suqolllare
1208 557 1631 633 (128).Sugil10
1657 564 1718 616 et
1744 559 2008 634 suggillo
2036 559 2195 616 idem
2215 565 2312 616 est
2330 577 2400 616 ac
2419 560 2740 619 contundo:
2765 567 2925 620 tran·

812 655 964 712 slate
1001 655 1358 713 contumelia
1377 655 1582 714 afficio.
1601 658 1780 732 Apud
1802 659 1933 716 Val.
1952 659 2108 716 Max.
2130 673 2202 716 111
2226 661 2289 717 2:
2309 679 2345 715 ‹
2365 656 2650 735 sugillare
2682 661 2933 719 crudeli-

809 758 997 810 tatem
1031 753 1302 827 alicuim,
1321 775 1358 810 »
1393 761 1455 811 et
1502 755 1744 830 passim.
1780 756 1980 814 Etiam
2030 758 2288 816 occurrit
2323 759 2482 834 apud
2516 759 2665 818 alios
2701 759 2931 820 mediae

808 850 1126 909 latinitatis
1163 852 1503 927 scriptores.

881 1003 1072 1062 Susum
1114 1005 1247 1078 (77).
1287 1004 1360 1060 In
1397 1005 1698 1079 superiore
1750 1013 1920 1081 parte
1957 1007 2217 1066 aedium:
2255 1008 2414 1066 idem
2460 1010 2617 1083 quod
2666 1027 2928 1068 sursum:

813 1101 1195 1159 archaismus·
1248 1105 1328 1160 Et
1380 1102 1682 1162 invenitur
1709 1106 1877 1180 ‘apud
1925 1107 2172 1164 Varron.
2210 1126 2256 1164 r.
2305 1097 2353 1164 r.
2390 1109 2452 1164 6:
2507 1127 2543 1163 ‹
2580 1108 2683 1181 qui
2726 1109 2931 1166 colunt

805 1198 1098 1272 deorsum,
1141 1200 1334 1274 magis
1372 1208 1604 1260 aestate
1645 1205 1937 1277 laborant,
1980 1205 2083 1279 qui
2132 1223 2357 1274 susum,
2393 1207 2585 1279 magis
2624 1207 2837 1282 hyeme
2873 1228 2926 1280 »‚

808 1302 869 1354 et
894 1298 1052 1370 apud
1088 1298 1255 1356 alios·
1292 1299 1514 1358 Tamen
1555 1307 1756 1359 exstat
1792 1302 1950 1377 apud
1972 1303 2202 1360 mediae
2241 1309 2303 1360 et
2335 1304 2573 1362 infimae
2608 1305 2926 1363 latinitatis

808 1395 1147 1469 scriptores.
1183 1397 1303 1455 Gfr.
1358 1398 1757 1458 Commodian.
1792 1419 1828 1455 ‹
1853 1419 2061 1458 susum
2094 1401 2487 1476 intendentes,
2534 1421 2767 1478 semper
2800 1405 2926 1462 Deo
3012 1454 3017 1460 ,

805 1511 1034 1550 summo
1061 1495 1275 1568 devoti,
1297 1517 1334 1552 »
1356 1497 1630 1555 Lactant.
1668 1499 1742 1556 de
1766 1507 1939 1556 mort.
1974 1508 2271 1585 persecut.
2325 1501 2423 1558 19:
2448 1521 2482 1557 α
2502 1501 2925 1559 Constantinus

805 1587 1046 1649 astabat
1081 1611 1291 1652 susum
1309 1614 1359 1668 »‚
1398 1602 1460 1653 et
1495 1596 1653 1655 alibi.

873 1746 1139 1815 synoecio
1177 1747 1314 1822 (93).
1349 1749 1704 1822 Synoecium
1738 1751 2065 1808 vocabatur
2101 1751 2503 1820 aedicularum
2530 1751 2837 1826 congeries
2863 1752 2929 1808 in

807 1842 1014 1900 eadem
1031 1843 1203 1902 domo
1224 1847 1688 1922 coniunctarum,
1706 1867 1859 1923 quae
1877 1849 2223 1924 singulatim
2240 1850 2543 1930 inquilinis
2561 1851 2923 1914 locabantur.

807 1939 1036 2001 Graeca
1057 1962 1206 2002 vox:
1244 1947 1524 2004 συνοίκεον.
1980 1958 1987 1962 ’

1812 2235 1921 2280 Τ

876 2415 1239 2483 Tenuomenas
1253 2411 1389 2484 (34).
1409 2411 1464 2467 A
1482 2428 1697 2484 graeco
1716 2414 1941 2485 τέγγειν,
1958 2410 2188 2468 bibere:
2204 2413 2543 2486 τεγγόμενος,
2560 2433 2620 2486 η,
2641 2430 2717 2477 ον,
2734 2410 2927 2469 adiec-

803 2511 998 2568 tivum
1043 2511 1247 2567 eadem
1273 2510 1612 2583 acceptione
1650 2529 1720 2567 ac
1744 2529 1782 2565 <z
1804 2511 2046 2568 servilia
2063 2530 2099 2565 »
2124 2511 2272 2584 (cap.
2294 2511 2423 2585 107)
2444 2511 2675 2586 aliaque
2702 2510 2927 2569 adhibi-

803 2615 959 2667 tum:
1015 2627 1109 2668 res
1146 2609 1616 2666 subaudiendum
1650 2608 1917 2681 videtur;
1968 2609 2082 2666 hoc
2132 2614 2255 2666 est:
2291 2609 2580 2666 faciamus
2628 2627 2727 2668 res
2775 2627 2925 2684 quae
2962 2650 2967 2654 -

807 2708 965 2765 inter
999 2707 1214 2782 pocula
1249 2708 1379 2765 fieri
1416 2709 1626 2765 solent.

873 2835 1176 2893 'tertiarius
1215 2833 1354 2906 (45).
1392 2832 1702 2889 Gladiator
1737 2831 1841 2906 qui
1878 2831 2249 2905 succedebat,
2284 2832 2579 2905 iugulatis
2618 2832 2752 2890 aliis
2785 2833 2925 2892 duo-

803 2934 935 3006 bus,
975 2939 1037 2989 et
1070 2938 1209 3007 post
1242 2949 1506 3005 pugnam
1552 2931 1804 2988 duorum
1852 2949 1987 2987 cum
2031 2931 2259 2988 victore
2310 2929 2817 3003 congrediebatur.
2854 2933 2927 2989 In

805 3032 999 3089 Gloss.
1039 3030 1511 3103 graeco-latinis:
1549 3029 1793 3105 ἔφεδρος,
1829 3029 2151 3102 tertiarius,
2190 3036 2513 3104 superstes·

873 3158 1236 3215 Testieulavit
1273 3155 1393 3230 (38)
1431 3155 1642 3229 Inepte
1678 3154 2009 3212 Buecheler
2044 3154 2108 3211 in
2146 3153 2235 3211 ed.
2285 3155 2420 3212 mai.
2459 3150 2683 3212 culavit
2718 3173 2755 3211 a
2791 3157 2947 3231 culo«

805 3253 1139 3312 derivatum
1159 3237 1425 3310 coni'ecit.
1445 3253 1728 3310 Activum
1752 3253 2003 3310 verbum
2027 3271 2134 3326 pro
2161 3253 2491 3326 deponente
2517 3253 2816 3319 interdum
2839 3263 2928 3312 oc·

801 3352 987 3409 currit
1009 3351 1072 3408 in
1097 3351 1319 3424 satiriS,
1342 3357 1414 3408 ut
1435 3370 1472 3406 <
1495 3350 1836 3409 exhortavit
1857 3371 1894 3406 »
1920 3351 2071 3424 (cap.
2114 3352 2227 3424 76).
2264 3351 2381 3406 Hic
2405 3354 2743 3409 testiculare
2769 3351 2924 3425 quod

803 3454 1134 3510 testiculari
1169 3451 1328 3524 apud
1363 3451 1610 3507 Festum
1647 3468 1684 3506 a
1717 3451 1908 3507 Paulo
1947 3449 2220 3506 citatum:
2257 3469 2293 3505 ‹
2317 3451 2651 3510 testiculari
2696 3456 2790 3508 est
2828 3449 2925 3507 iu-

800 3551 1020 3608 mentis
1056 3549 1319 3608 maribus
1349 3549 1620 3622 feminas,
1657 3550 1758 3607 vel
1791 3567 1987 3606 mares
2024 3549 2261 3606 feminis
2297 3549 2632 3614 admovere.
2656 3568 2691 3604 »

869 3677 1187 3736 Thraeciam
1229 3675 1364 3750 (75).
1399 3674 1513 3731 Est
1561 3680 1867 3731 armatura
1918 3673 2231 3732 Thraecis:
2280 3677 2739 3732 instrumentum
2788 3673 2925 3730 sub·
3016 3671 3019 3676 ’

801 3774 997 3832 audio·
1015 3773 1128 3831 His
1153 3771 1466 3831 adiectivis
1489 3772 1714 3829 rustice
1733 3772 2127 3831 substantivis
2154 3773 2563 3831 communibus
2588 3771 2927 3830 carentibus

801 3872 947 3945 suis,
985 3889 1181 3946 saepe,
1217 3877 1289 3929 ut
1323 3872 1444 3928 iam
1479 3871 1759 3944 vidimus,
1794 3871 2113 3928 Petronius
2148 3877 2354 3929 noster
2388 3889 2537 3928 usus
2584 3876 2697 3928 est.

837 4003 842 4008 “
872 4000 1113 4070 Topanta
1165 3998 1302 4073 (37).
1353 3997 1582 4054 Graeca
1607 3993 1774 4055 ‘vox:
1811 3977 1871 4054 ἐπὸ
1908 3999 2097 4054 πάντα.
2136 3997 2316 4071 Apud
2332 3996 2557 4055 Auson.
2596 3997 2761 4054 Grat.
2791 3997 2924 4054 Act.

802 4118 836 4154 α
862 4115 1020 4155 unus
1057 4097 1200 4154 mihi
1239 4095 1438 4156 omnia
1463 4095 1802 4154 Gratianus,
1823 4115 1869 4178 ³.
1894 4096 1992 4153 Sic
2016 4095 2198 4153 etiam
2223 4096 2380 4170 apud
2404 4113 2653 4170 graecos
2680 4094 2929 4169 scripto·

800 4195 985 4256 ribUS.
1019 4195 1200 4272 Apud
1233 4195 1575 4272 Alpiphron.
1601 4209 1650 4253 11
1683 4195 1749 4252 3:
1785 4213 1821 4252 ‹
1846 4197 1953 4270 ἐγὼ
1992 4200 2109 4271 γὰρ’
2134 4196 2304 4272 αὐτῆς
2342 4199 2450 4271 ειμὶ
2484 4199 2672 4252 πάντα.
2697 4214 2733 4252 >
