3500 5042
1689 1094 1782 1160 ΙΙ.

763 1329 1133 1413 PetroniuS,
1165 1351 1311 1394 mea
1341 1329 1690 1411 sententia,
1722 1336 1951 1394 auctor
1996 1327 2145 1409 fuit,
2193 1335 2267 1392 ut
2311 1348 2429 1395 suo
2474 1337 2787 1412 tempore,
2852 1367 2857 1378 ·

676 1465 805 1534 quo
850 1437 1222 1531 corruptela
1265 1444 1461 1510 latini
1519 1445 1837 1511 sermonis
1883 1447 2203 1510 infecerat
2250 1444 2451 1509 etiam
2496 1441 2789 1507 eruditos

679 1563 1053 1648 scriptores,
1122 1562 1413 1627 omnium
1469 1560 2015 1646 elegantissimus.
2081 1561 2231 1627 Scio
2293 1559 2597 1647 equidem
2659 1580 2789 1623 non

677 1677 898 1743 omnia
943 1678 1014 1743 in
1062 1698 1358 1742 sermone
1405 1677 1909 1774 Petronii‘sana
1953 1675 2376 1764 perfectaque
2408 1697 2583 1757 esse,
2632 1696 2787 1762 quo-

675 1792 855 1858 niam
901 1790 1264 1876 barbaries,
1311 1812 1482 1881 quae
1527 1792 1643 1858 diu
1689 1794 1866 1858 inter
1910 1791 2165 1879 plebem
2213 1788 2640 1878 Reipublicae
2678 1791 2786 1854 ‘in-

675 1907 911 1992 valuit,
943 1907 1356 1996 sequioribus
1387 1909 1660 1994 Imperii
1693 1907 1970 1975 saeculis
2005 1909 2099 1973 ita
2122 1907 2373 1973 delevit
2392 1928 2631 1993 purum
2655 1919 2791 1972 ser-

676 2045 959 2108 monem,
989 2033 1066 2089 ut
1097 2025 1306 2089 omnis
1337 2023 1672 2089 scribendi
1697 2024 2026 2110 munditia
2072 2046 2237 2110 pene
2269 2025 2636 2088 evanuerit.
2668 2005 2792 2088 Niss

675 2139 1029 2205 hilominus
1075 2139 1188 2226 qui
1239 2138 1588 2224 diligenter
1634 2125 1704 2204 i'n
1749 2139 2119 2226 petroniani
2154 2139 2470 2204 sermonis
2516 2136 2788 2203 investi-

673 2255 941 2342 gatione
987 2263 1314 2338 versatur,
1355 2255 1478 2320 hoc
1507 2256 1794 2342 primum
1826 2253 2327 2338 animadvertet,
2357 2251 2791 2319 Trimalchio-

674 2393 823 2437 nem
857 2393 1008 2436 cum
1038 2371 1459 2455 semigraecis
1481 2369 1738 2436 libertis
1774 2379 1839 2436 et
1871 2391 1989 2436 sua
2018 2368 2272 2436 familia
2303 2369 2568 2435 rusticis
2597 2390 2786 2454 grae·
2832 2405 2835 2408 ⁴

673 2486 1051 2572 canicisque
1097 2486 1195 2550 uti
1243 2469 1605 2570 vocabulis,
1653 2506 1820 2572 quae
1864 2506 1997 2551 non
2043 2483 2361 2570 Encolpio
2401 2493 2469 2549 et
2511 2484 2785 2571 Ascylto

673 2623 759 2668 ex
805 2600 1038 2667 decoro
1087 2599 1504 2691 tribuuntur,
1557 2600 2120 2686 Agamemnonem
2175 2613 2663 2688 praeceptorem
2721 2611 2789 2667 et

674 2717 1071 2803 Eumolpum
1103 2725 1361 2805 poetam
1392 2717 1658 2802 turgida
1690 2728 1754 2784 et
1785 2717 2091 2784 affectata
2120 2718 2413 2783 oratione
2446 2716 2787 2801 disserere,

674 2856 844 2922 quae
891 2835 962 2898 in
1009 2832 1252 2901 Circen
1296 2856 1426 2899 non
1459 2834 1726 2917 accidit,
1759 2834 2109 2900 candidam
2141 2835 2264 2901 etsi
2299 2841 2603 2901 ornatam
2646 2855 2787 2900 mu·

673 2949 937 3035 lierem3
983 2950 1068 3014 ad
1114 2971 1458 3033 summam,
1505 2951 1671 3015 duro
1720 2951 2197 3038 inquinatoque
2242 2972 2538 3017 sermone
2586 2951 2785 3016 imam

674 3065 884 3154 plebis
929 3065 1204 3149 sordem,
1251 3065 1508 3132 urbano
1555 3068 2004 3154 castigatoque
2034 3066 2473 3132 honestiorem
2518 3065 2790 3132 classem

673 3180 803 3247 sibi
848 3181 1126 3267 placere.
1175 3180 1622 3262 Quamobrem
1667 3179 1846 3247 haud
1894 3181 2228 3266 imperitia
2270 3179 2622 3246 latinitatis
2667 3183 2793 3248 Pe-

672 3296 961 3363 tronium
1009 3305 1142 3362 tam
1190 3297 1416 3362 varias
1459 3295 1773 3383 loquendi
1820 3294 2203 3364 adhibuisse
2249 3298 2559 3380 rationes,
2593 3297 2790 3362 immo

675 3412 931 3499 ingenii
981 3410 1374 3496 subtilitate,
1418 3420 1494 3479 ut
1540 3413 1702 3478 viva
1745 3413 1995 3478 veritas
2049 3413 2327 3478 eniteret
2370 3413 2792 3495 narrationis,

676 3548 796 3612 ego
842 3525 1011 3593 mihi
1057 3527 1444 3613 persuadeo·

851 3643 959 3709 Ad
1005 3642 1430 3710 artificiosam
1462 3642 1898 3731 corruptelam
1933 3643 2230 3710 Petronii
2262 3644 2462 3709 etiam
2494 3645 2791 3728 accessit,

673 3765 753 3823 ut
819 3767 1245 3826 amanuenses
1313 3759 1647 3827 erroribus
1713 3760 2196 3856 consperserint
2250 3761 2603 3826 satirarum
2658 3758 2790 3824 fra-

675 3885 962 3960 gmenta,
1009 3876 1286 3942 minime
1332 3876 1599 3964 quidem
1646 3878 1896 3943 auctori
1935 3874 2328 3943 tribuendis.
2360 3875 2509 3942 Non
2541 3874 2723 3942 nulla
2755 3898 2796 3942 a

674 3991 842 4055 viris
889 3992 1172 4076 egregiis
1219 3991 1584 4076 emendata,
1631 3991 1841 4060 multa
1871 4015 1910 4058 a
1955 3992 2181 4059 multis
2224 4000 2470 4058 temere
2514 3998 2791 4075 tentata,

673 4128 714 4172 a
758 4106 938 4176 nullo
985 4106 1201 4175 adhuc
1232 4106 1566 4195 explicata
1609 4105 1903 4176 fuerunt.
1950 4109 2045 4178 Ut
2089 4117 2312 4177 autem
2357 4130 2548 4176 nemo
2580 4108 2791 4174 victas
