3500 5042
2725 421 2797 479 25

739 559 1048 615 Discoloria
1081 557 1194 630 (97)
1251 555 1618 614 Discolor-ius
1656 561 1752 614 est
1806 555 2078 613 discolor.
2128 554 2376 612 Nullum
2430 559 2631 613 exstat
2679 555 2799 614 nisi
2830 617 2832 620 Α

669 653 934 712 Petronii
968 656 1328 750 exemplum.
2102 676 2112 687 ·

740 809 973 878 Dianai-c
1012 807 1130 881 (46)
1166 806 1241 865 Id
1276 811 1371 864 est
1403 805 1813 884 inaequaliter,
1839 803 1905 862 in
1938 804 2109 862 Actis
2134 803 2231 862 SS.
2256 787 2656 880 Aprilis'mp.
2674 805 2800 864 724.

741 963 1106 1018 Domusioncm
1145 959 1263 1032 (46)
1299 957 1587 1015 Domusio
1625 963 1720 1014 est
1753 974 1907 1015 usus
1946 955 2119 1030 domi,
2164 975 2201 1014 a
2234 956 2411 1014 d‘omo
2460 962 2523 1014 et
2568 955 2799 1014 usione.

667 1056 913 1113 Nullum
949 1061 1151 1114 exstat
1184 1056 1303 1112 nisi
1335 1054 1605 1112 Petronii
1641 1055 1998 1128 exemplum.

743 1211 974 1269 nonaria
1012 1207 1150 1282 (59).
1185 1205 1452 1263 Dunaria
1485 1206 1550 1263 in
1587 1206 1714 1262 cod.
1749 1207 2131 1278 TragurienS.
2166 1205 2336 1288 Idem
2368 1206 2525 1280 quod
2562 1204 2799 1280 donum,

669 1296 955 1380 potiusve=
1001 1305 1367 1363 adjectivum
1419 1303 1716 1376 donariuS,
1757 1323 1809 1375 a,
1852 1321 1956 1360 um
2002 1322 2039 1360 a
2092 1303 2263 1361 dono.
2308 1306 2381 1361 In
2429 1303 2652 1362 Charta
2684 1305 2798 1361 Ri-

669 1405 872 1461 chardi
897 1406 1049 1478 Reg.
1085 1403 1223 1476 Agl.
1251 1422 1302 1460 a.
1330 1403 1472 1460 1192
1495 1421 1603 1476 pro
1626 1401 1866 1475 pendat.
1894 1402 2153 1460 Monast.
2172 1402 2429 1460 Sarmac.
2455 1403 2593 1460 Ord.
2614 1404 2797 1462 Gran-

669 1501 1058 1560 dimontensis
1097 1499 1240 1576 (Ofr.
1276 1503 1602 1574 Ducang.):
1636 1521 1674 1556 α
1695 1518 1939 1575 pascua,
1973 1499 2283 1574 pasnagia,
2320 1500 2581 1558 donaria.
2605 1520 2641 1556 ι

693 1690 696 1694 ·
741 1656 993 1728 Βιψιιιιᾱίἰ
1016 1655 1135 1728 (58)
1154 1654 1540 1728 Dupundium
1560 1659 1653 1712 est
1670 1617 1911 1710 morieta
1927 1671 2172 1710 romana
2196 1649 2348 1711 duos
2372 1651 2580 1711 valens
2612 1671 2800 1712 asses,

669 1754 848 1828 Apud
865 1753 1131 1811 'Varrom
1149 1755 1218 1810 L.
1237 1753 1304 1809 L.
1324 1768 1436 1810 vm
1453 1753 1548 1808 49:
1583 1771 1620 1808 ‹
1635 1752 1736 1830 hic
1762 1751 2103 1824 dupundius
2130 1757 2191 1808 et
2222 1752 2337 1808 hoc
2362 1752 2799 1843 dupundi-um.»

672 1855 889 1910 Exstat
923 1851 987 1908 in
1020 1851 1257 1908 infimae
1294 1851 1612 1908 latinitatis
1633 1850 2052 1924 scriptoribus:
2078 1849 2184 1908 cfr.
2209 1850 2512 1926 Iustin.,in
2546 1849 2799 1923 praefat.

669 1950 900 2023 Digest.

739 2103 1146 2173 nupunduarius
1164 2101 1282 2176 (58)
1302 2100 1398 2156 Ad
1417 2100 1787 2181 dupundium
1804 2098 2127 2174 pertinenS,
2150 2100 2327 2157 homo
2346 2099 2576 2160 vilioris
2604 2101 2801 2173 pretii.

671 2199 846 2272 Apud
872 2199 1096 2256 Colum.
1134 2217 1170 2254 α
1194 2198 1572 2272 dupundiarii
1609 2198 1872 2256 orbiculi.
1893 2218 1928 2254 »
1946 2199 2027 2254 Et
2062 2198 2221 2272 apud
2255 2198 2403 2256 Plin.
2430 2193 2676 2273 passim.

1683 2396 1785 2442 E}

741 2557 1092 2625 Eieuidarion
1109 2553 1284 2629 (109).
1310 2554 1488 2612 Idem
1520 2552 1679 2627 quod
1715 2497 2031 2627 elegildion.
2050 2555 2299 2611 Nullum
2326 2559 2527 2610 exstat
2548 2553 2667 2611 nisi
2692 2556 2801 2611 Pe-

672 2653 856 2709 tronii
891 2653 1247 2727 exemplum.
2146 2683 2151 2690 ·

746 2806 1154 2865 Emhasicoetan
1195 2804 1334 2879 (24).
1360 2805 2036 2889 Embasicoetatgraeca
2081 2803 2668 2881 νοκε’ἐμβασικοὶτης,
2706 2806 2797 2862 ci·-

675 2902 920 2974 naedUS,
957 2902 1032 2958 ab
1071 2903 1315 2976 ἔμβασις,
1350 2903 1681 2976 ἱηεοθῑιειιε,
1721 2909 1783 2959 et
1817 2905 1994 2978 κοίτη,
2041 2903 2255 2960 cubile.
2303 2904 2550 2963 Nullum
2599 2910 2803 2962 exstat

671 3001 790 3058 nisi
823 3001 1092 3057 Petronii
1129 3001 1479 3074 exemplum.

740 3155 1000 3210 Emboium
1024 3152 1162 3226 (30).
1183 3151 1412 3208 Graeca
1447 3170 1595 3210 vox:
1634 3153 1887 3225 ἔμβολον,
1923 3152 1986 3208 id
2024 3133 2117 3210 eet
2146 3157 2410 3210 rostrum
2432 3125 2626 3212 navia.
2651 3156 2799 3213 Nul-

669 3249 798 3306 lum
835 3256 1036 3306 exstat
1071 3250 1189 3308 nisi
1223 3251 1490 3308 Petronii
1525 3252 1880 3324 exemplum.

742 3403 1038 3472 Empticius
1056 3402 1195 3476 (67).
1215 3401 1387 3470 Quod
1413 3401 1530 3458 emi
1553 3400 1725 3459 solet.
1752 3402 1929 3475 Apud
1960 3402 2129 3460 Varr.
2154 3403 2227 3460 R.
2252 3403 2327 3459 R.
2350 3405 2388 3460 3
2410 3423 2448 3459 ς
2468 3403 2567 3462 hic
2592 3422 2799 3478 aprum

668 3501 845 3572 glans
871 3517 1008 3556 cum
1029 3501 1226 3573 pascit
1262 3499 1555 3590 empticia.
1582 3519 1617 3554 ›
1640 3500 1713 3556 In
1730 3499 2009 3574 Inscript.
2028 3501 2187 3574 apud
2222 3501 2546 3560 Gruterum
2562 3517 2714 3560 Mcxl
2732 3504 2801 3559 14

665 3618 704 3654 α
729 3597 995 3672 empticii
1031 3599 1103 3656 de
1141 3615 1252 3656 suo
1290 3598 1578 3656 fecerunt.
1617 3619 1653 3654 ›

713 3753 1007 3822 ,Epidifmis
1047 3751 1182 3825 (69).
1205 3750 1434 3807 Graeca
1468 3767 1615 3833 voxz
1645 3751 1720 3807 ab
1760 3752 1845 3806 ἐπὶ
1879 3756 2035 3825 post,
2068 3757 2127 3808 et
2168 3752 2399 3839 δεῖπνον,
2434 3770 2597 3809 cena.
2621 3751 2800 3826 Apud

675 3848 930 3904 Martial.
957 3865 1034 3905 11
1068 3849 1171 3906 32:
1207 3870 1242 3904 ι
1277 3849 1378 3904 hic
1413 3867 1578 3906 seras
1617 3849 1989 3923 epidipnidas
2012 3849 2277 3923 parabit.
2315 3869 2352 3905 ι»

741 3976 935 4044 Euripo
973 3976 1109 4049 (36).
1164 3975 1424 4047 Euripus
1480 3975 1553 4030 ab
1590 3974 1871 4048 Ἐυριπος,
1908 3975 2011 4048 qui
2046 3975 2305 4032 fractum
2354 3980 2449 4033 est
2490 3975 2648 4032 inter
2689 3979 2801 4033 Eu-

664 4073 875 4128 boeam
911 4091 990 4140 ac*
1015 4073 1310 4144 Beotiam3
1347 4072 1446 4128 hic
1479 4091 1587 4146 per
1610 4074 2020 4146 metaphoram
2046 4073 2380 4130 adhibetur.
2404 4075 2584 4148 Apud
2609 4075 2799 4132 Cicer.

663 4188 772 4244 pro
809 4170 960 4228 Mur.
1000 4171 1068 4226 17
1105 4190 1140 4226 ‹
1165 4171 1321 4245 quod
1361 4171 1519 4229 enim
1540 4171 1780 4244 fretum,
1817 4189 1995 4260 quem
2031 4171 2306 4246 euripum
2324 4191 2360 4227 ι
2388 4178 2451 4229 et
2483 4172 2730 4247 passim.
