3500 5042
737 449 808 502 26

808 579 1234 638 Excatarissasti
1272 577 1409 652 (67).
1443 577 1577 634 Vox
1598 578 1831 652 plebeia
1850 597 1886 634 a
1903 579 2255 652 καταῤῥιζόω,
2278 579 2341 636 id
2364 584 2459 636 est
2480 579 2712 636 radices
2738 598 2854 653 ago

736 679 1007 735 formata.
1042 675 1502 734 Excatarissare.
1525 677 1714 750 igitur
1749 682 1846 732 est
1879 675 2112 733 radices
2151 678 2483 750 extrahere,
2515 696 2585 734 ac
2607 692 2715 751 per
2737 697 2857 736 me-

733 776 1047 849 taphoram
1081 792 1315 831 omnem
1350 791 1611 846 succum,
1647 793 1881 832 omnem
1914 775 2227 848 pecuniam
2276 775 2530 833 auferre.
2566 776 2661 833 Sic
2697 775 2857 850 apud

735 874 1017 931 Senecam
1054 893 1087 928 «ι
1111 873 1492 930 malacissare
1514 892 1552 928 ›
1588 892 1623 929 a
1660 873 1973 947 μαλακίζειν
2012 876 2125 948 (ep.
2162 875 2348 948 val).

805 1029 1189 1100 Exoninissent
1207 1029 1343 1103 (62).
1361 1028 1651 1112 Exopino,
1687 1028 1847 1084 idem
1883 1047 1953 1084 ac
1980 1027 2202 1100 opinor.
2228 1028 2475 1084 Nullum
2501 1033 2702 1084 exstat
2740 1027 2856 1086 nisi

733 1126 1001 1184 Petronii
1037 1128 1388 1200 exemplum.

803 1282 1197 1350 Exnudoratam
1219 1278 1355 1352 (39).
1373 1277 1809 1351 ExpudoratuS‚
1830 1277 2053 1351 absque
2084 1278 2328 1351 pudore,
2365 1251 2469 1351 qui
2492 1296 2855 1352 omnempu-

737 1377 939 1434 dorem
971 1377 1247 1451 perdidit.
1283 1377 1528 1433 Nullum
1566 1381 1767 1433 exstat
1801 1375 1918 1433 nisi
1953 1375 2219 1433 Petronii
2256 1377 2618 1450 exemplum;
2664 1376 2857 1432 multa

734 1493 946 1533 verum
979 1474 1241 1547 vestigia
1276 1473 1341 1531 in
1376 1474 1678 1531 hodiernis
1713 1480 2038 1548 supersunt
2075 1474 2365 1547 dialectis,
2389 1480 2461 1530 ut
2494 1475 2855 1532 demonstra-

735 1573 952 1632 bimus,

804 1727 1129 1784 Exsffmtavflt
1156 1725 1290 1799 (64).
1304 1723 1586 1793 Exsibflo,
1609 1723 1849 1781 sibilum
1868 1723 2093 1782 emitto.
2111 1725 2290 1798 Apud
2306 1725 2589 1783 prudent.
2610 1741 2659 1782 11
2677 1695 2857 1784 etim

733 1824 1065 1883 invenitur:
1102 1842 1138 1879 α
1165 1821 1347 1881 verba
1381 1823 1677 1880 exsibilat.
1706 1843 1741 1879 »

801 1966 1180 2038 Exsonuerat'tt
1205 1976 1342 2050 (19).
1360 1976 1614 2047 Exsono,
1625 1974 1788 2031 idem
1814 1993 1885 2032 ac
1898 1992 2171 2049 persono,
2191 1976 2439 2034 Nullum
2455 1976 2574 2032 nisi
2590 1976 2857 2034 Petronii

734 2081 936 2134 exstat
972 2076 1328 2150 exemplum.

1740 2299 1841 2346 F

807 2465 1041 2520 Fastose
1080 2461 1253 2535 (131).
1292 2459 1599 2530 FastosuS,
1636 2456 1699 2513 id
1736 2447 1834 2514 est*
1870 2456 2179 2530 superbm,
2213 2457 2378 2513 fastu
2413 2458 2641 2531 plenus.
2678 2458 2855 2531 Apud

728 2559 984 2639 Martial.
1021 2577 1060 2616 x
1097 2559 1193 2616 13:
1231 2578 1266 2614 ‹
1291 2558 1367 2614 ad
1402 2562 1692 2614 nocturna
1724 2557 1886 2613 iaces
1921 2556 2186 2612 fastosae
2239 2554 2445 2611 limina
2480 2558 2778 2614 moechae.
2822 2580 2854 2614 ι»

801 2713 1076 2771 fericulus
1116 2712 1386 2787 (39).Pr0
1422 2696 1664 2780 ferculo,
1689 2714 1853 2765 recte
1879 2709 2214 2767 Gronovius
2250 2710 2652 2785 Heinsiusque
2692 2711 2853 2769 vide-

732 2819 891 2868 runt.

805 2965 1152 3022 Ferrum'nati
1195 2963 1328 3033 (31).
1365 2960 1832 3030 FerruminatuS‚
1850 2951 2227 3033 participium
2248 2980 2283 3016 a
2307 2944 2860 3034 ferruminojferru-

730 3063 888 3119 mine
912 3061 1169 3118 iunctus,
1187 3060 1364 3134 Apud
1387 3060 1540 3117 Plin.
1575 3075 1738 3116 xxxv
1778 3058 1871 3114 15:
1913 3079 1947 3112 «
1983 3058 2070 3114 ita
2105 3059 2510 3115 ferruminatis
2530 3060 2855 3133 Babylonis

732 3160 969 3217 muris»
1007 3166 1070 3216 et
1105 3158 1346 3232 passim.

808 3314 1113 3370 ferrumine
1133 3311 1304 3386 (102).
1321 3311 1646 3366 Fen-umen
1665 3315 1761 3366 est
1772 3309 2069 3383 quoddam
2081 3309 2253 3384 quasi
2266 3311 2491 3383 gluten,
2507 3328 2623 3384 quo
2635 3313 2857 3368 ferrum

733 3417 795 3468 et
820 3411 939 3467 alia
962 3409 1204 3468 metalla
1229 3408 1697 3480 coniunguntur:
1725 3406 1885 3481 apud
1919 3408 2071 3464 Plin.
2098 3424 2283 3466 xxxv1
2310 3409 2393 3464 13:
2430 3428 2467 3464 c
2502 3409 2661 3482 quod
2694 3409 2856 3466 furto

731 3509 910 3566 calcis
931 3509 1058 3566 sine
1075 3506 1394 3564 ferrumine
1417 3524 1524 3563 suo
1545 3510 1851 3563 caementa
1871 3513 2302 3580 componuntur
2313 3525 2327 3579 3
2347 3527 2382 3563 »
2401 3507 2559 3581 apud
2575 3510 2857 3581 Pompon.

736 3607 868 3681 Dig.
893 3622 995 3662 xm
1018 3609 1048 3662 1
1086 3608 1188 3662 27:
1227 3627 1256 3658 α
1278 3605 1600 3662 ferrumine
1638 3605 2039 3662 cohaererent.
2056 3623 2092 3659 »

806 3763 1052 3818 flaturae
1073 3758 1210 3833 (45).
1227 3757 1494 3829 Flatura,
1516 3755 1676 3813 idem
1693 3774 1764 3814 ac
1798 3755 1997 3830 flatus,
2020 3754 2199 3830 Apud
2233 3756 2453 3813 Arnob.
2477 3773 2502 3812 1
2527 3757 2561 3812 7
2584 3763 2691 3814 ‹et
2710 3759 2861 3815 caeli

731 3858 1140 3932 conquievisse
1156 3855 1423 3913 flaturas.
1440 3875 1476 3910 »
1495 3859 1616 3912 Hoc
1634 3873 1844 3914 verum
1862 3854 2181 3914 satirarum
2194 3854 2256 3912 in
2272 3856 2402 3913 loco
2422 3857 2726 3929 translate,
2750 3876 2859 3929 pro

730 3957 891 4016 vitae
927 3955 1145 4012 flatura
1170 3953 1502 4012 adhibetur.

803 4112 976 4180 Fuuae
1015 4109 1152 4184 (45).
1177 4108 1352 4180 Fuga
1376 4112 1472 4164 est
1495 4106 1809 4180 fugitivus
1834 4106 1931 4196 Sic
1957 4106 2115 4180 apud
2140 4108 2447 4166 Columell.
2473 4108 2670 4165 1126:
2701 4127 2736 4163 ‹
2762 4107 2859 4165 de-

731 4209 928 4266 letura
965 4205 1204 4282 quidem
1239 4205 1425 4265 fronti
1462 4206 1605 4266 data
1641 4206 1818 4282 signa
1852 4207 2149 4280 fugarum.
2169 4226 2204 4262 »
